3000 5026
160 318 242 424 '276
649 358 835 415 vannorus

176 535 266 588 tatem
299 528 416 605 ignorat
449 528 579 606 piscinas
608 526 750 607 Philippi,
782 525 937 606 Hortensi,
970 521 1185 585 Lucullorum?
1230 542 1324 610 qpare

124 635 160 696 lv
180 634 258 726 ululo
283 634 355 721 velis
373 652 421 721 me
441 635 582 720 incipere,
605 635 668 713 Axi,
692 633 748 716 dic.
781 631 842 713 lile,
865 631 927 710 ligo
946 650 1026 713 vcro,
1049 633 1155 712 inquit,
1178 639 1214 691 ut
1231 632 1326 712 aiunt,

176 750 245 822 post
271 743 418 821 principia
445 744 476 800 in
507 743 626 821 castris,
657 740 687 799 id
720 748 766 799 est
799 739 835 799 ab
868 739 915 799 his
943 737 1127 818 temporibus
1158 756 1248 816 qnam
1276 757 1324 799 su·

178 849 355 930 perioribus,
380 849 458 928 quod
482 868 517 908 ex
543 846 706 927 pavonibus
730 847 846 907 lructus
867 838 1025 925 capiuntur
1048 847 1175 905 maiores
1200 864 1326 923 quante

177 955 301 1035 gallinis.
352 964 441 1035 atque
472 955 544 1038 adeo
572 973 638 1042 non
660 953 866 1044 dissimulabo,
899 952 977 1032 (ιιι,οά
1007 951 1072 1032 apio
1099 952 1136 1045 de
1164 952 1325 1024 ornithone
1354 972 1366 1012 ι

177 1065 320 1142 primum,
349 1062 428 1141 quod
456 1061 533 1121 lucri
561 1061 698 1121 iecerunt
720 1060 777 1120 hoc
801 1078 909 1120 nomen
933 1059 1022 1121 turdi.
1068 1061 1221 1139 sexaginta
1245 1062 1326 1121 enim

178 1168 256 1229 milia
280 1169 426 1228 Fircelina
450 1166 580 1228 encande
604 1186 651 1227 me
676 1167 812 1227 lecerunt
835 1166 1005 1245 cupiditate.

152 1279 169 1335 2
270 1275 395 1356 hierula,
420 1275 482 1335 lluo
505 1293 615 1354 genera
638 1284 721 1353 sunt,
744 1275 854 1352 inquit,
878 1273 1058 1353 ornithonis,
1083 1291 1175 1335 unum
1198 1273 1328 1335 delecta·

177 1385 267 1443 tionis
290 1400 388 1461 causa,
411 1390 445 1443 ut
464 1380 556 1441 Varro
580 1382 628 1441 hic
652 1381 723 1440 lecit
743 1388 844 1440 noster
864 1380 919 1440 sub
939 1380 1055 1460 Casino,
1079 1380 1157 1460 quod
1177 1389 1328 1443 amatores

177 1489 289 1549 invenit
319 1488 441 1568 multos,
474 1487 599 1548 alterum
630 1488 745 1547 tructus
768 1505 872 1568 causa,
896 1506 955 1566 quo
978 1504 1087 1565 genere
1110 1488 1273 1549 macellarii
1297 1498 1329 1550 et
1344 1506 1370 1546 ro

178 1599 208 1656 iu
236 1595 311 1656 urbe
340 1595 461 1674 quidam
483 1594 594 1655 habent
617 1594 680 1654 loca
704 1594 804 1656 clausa
827 1603 858 1654 et
880 1612 951 1655 rure
974 1596 1100 1654 maxima
1123 1595 1272 1656 conducta
1296 1598 1328 1656 in

179 1701 305 1782 Sabinis,
329 1702 408 1781 quod
433 1700 474 1762 ibi
498 1711 621 1780 propter
644 1703 706 1780 agri
726 1711 863 1762 naturam
881 1702 1054 1780 frequentes
1072 1710 1217 1781 apparent
1236 1703 1329 1764 turdi.

152 1812 218 1870 ‘alex
251 1811 287 1868 iis
318 1810 399 1868 tertii
426 1810 654 1893 generis·-
568 1807 661 1868 voluit
688 1826 754 1868 esse
782 1807 924 1868 Lucullus
951 1809 1145 1868 coniunctum
1173 1811 1330 1890 aviarium,

179 1914 256 1994 quod
287 1915 393 1975 iecit
385 1932 415 1973 m
439 1913 622 1993 Tusculano,
651 1923 683 1975 ut
706 1917 735 1974 in
760 1914 864 1974 eodem
887 1923 966 1975 teoto
985 1915 1153 1975 ornithonis
1176 1916 1330 1978 inclusum

179 2022 342 2083 triclinium
369 2019 505 2102 haberet,
534 2020 586 2081 ubi
608 2020 732 2081 delicate
756 2022 902 2081 cenitaret
925 2029 956 2081 et
977 2021 1050 2081 ahos
1074 2022 1220 2083 videret
1210 2041 1244 2082 ιιι
1268 2042 1329 2084 ma·
1346 2038 1370 2078 ιι

178 2146 301 2189 ιοιιοιιιο
332 2131 446 2207 positos
479 2137 597 2209 coctos,
630 2127 702 2189 alios
734 2127 857 2188 volitare
890 2130 1003 2188 circum
1037 2127 1182 2190 lencstras
1215 2140 1331 2209 captos.

179 2236 258 2316 quod
281 2234 386 2296 inutile
410 2237 596 2296 invenerunt.
630 2254 698 2295 nam
722 2254 780 2296 non
805 2242 920 2295 tantum
943 2238 974 2296 in
998 2254 1033 2295 eo
1057 2234 1159 2296 oculos
1178 2234 1333 2297 delectant

180 2345 256 2402 intra
291 2343 436 2403 fenestras
468 2361 536 2402 aves
569 2344 739 2423 volitantes,
771 2351 915 2421 quantum
948 2343 1070 2403 oileudit
1102 2343 1181 2422 quod
1210 2343 1332 2404 alicnus

141 2448 255 2508 Vodor
282 2448 383 2528 opplet
411 2467 507 2508 nares
553 2450 605 2509 sed
635 2449 713 2527 qnod
743 2457 771 2508 te
799 2449 885 2508 malle
913 2449 1056 2530 arbitror,
1079 2450 1146 2530 Ani,
1169 2450 1267 2510 dicam
1293 2452 1331 2511 de

179 2555 235 2614 hoc
274 2553 460 2630 [ornithone]
500 2554 578 2632 quod
611 2554 727 2615 fructus
760 2573 848 2615 causa
881 2557 1006 2637 iaciunt,
1042 2557 1136 2637 unde,
1172 2574 1232 2616 non
1266 2555 1374 2637 nbi,so

179 2667 339 2721 sumuntur
371 2662 497 2738 pingues
527 2661 615 2721 turdi.
666 2663 757 2739 igitur
786 2662 918 2742 testudo,
949 2671 984 2723 ut
1010 2662 1183 2742 peristylum
1213 2671 1331 2724 tectum

181 2767 288 2846 tegulis
320 2774 371 2827 aut
398 2776 475 2842 rete,
509 2768 542 2828 tit
568 2786 687 2850 magna,
715 2771 746 2830 in
773 2788 831 2847 qua
859 2768 937 2829 milia
965 2769 1078 2850 aliquot
1106 2770 1265 2832 turdorum
1296 2791 1330 2833 ao

153 2874 363 2936 imerularum
387 2874 539 2935 includere
562 2877 687 2956 possint,
710 2876 830 2956 qnidam
851 2895 919 2937 cum
938 2895 973 2936 eo
992 2877 1120 2939 adiciant
1138 2887 1259 2957 praeter
1280 2898 1332 2940 eas

251 3088 265 3135 1
288 3081 455 3137 lucullorum
480 3083 506 3134 V
521 3083 679 3138 loculorum
698 3083 757 3138 Am
774 3083 940 3138 lucellorum
959 3085 988 3139 Β
1058 3085 1156 3155 quare]
1176 3083 1218 3140 Do
1236 3087 1333 3141 turdis

178 3173 210 3225 a'a
227 3173 351 3240 margine
368 3173 482 3226 rubrica
499 3173 527 3226 A
599 3179 615 3226 2
635 3172 736 3227 uehsso
754 3190 799 3227 me
818 3173 960 3243 incepere,
981 3175 1028 3228 red
1046 3190 1076 3228 so
1094 3175 1209 3230 deletum
1226 3175 1257 3229 A

179 3259 271 3327 inquit
291 3259 347 3313 VB
368 3259 466 3329 inquid
485 3261 513 3314 A
609 3267 625 3315 3
648 3277 666 3314 a
688 3262 897 3331 postprincipiis
916 3261 1038 3333 Scaliger
1126 3262 1163 3318 ab
1185 3261 1230 3318 his
1254 3265 1330 3319 tem-

178 3401 294 3469 poribus
312 3419 329 3456 o
347 3403 383 3455 ab
401 3402 436 3457 iis
453 3401 627 3472 temporibus
648 3402 739 3456 PAB
824 3409 840 3456 5
859 3352 962 3474 gallinis
980 3402 1008 3457 A
1093 3405 1176 3474 atque
1201 3404 1261 3459 VB
1280 3407 1331 3462 ad·

178 3507 232 3559 que
251 3490 278 3543 A
346 3498 362 3545 6
383 3491 435 3544 hoc
453 3508 489 3544 no
506 3496 627 3558 laomen
646 3492 673 3544 A
739 3495 754 3546 ‘l
773 3491 892 3545 firoilina
916 3492 1005 3546 VAB
1023 3491 1160 3548 liroellina
1178 3493 1332 3551 lucanam

228 3586 244 3633 8
258 3578 351 3648 inquit
363 3579 418 3634 VB
433 3579 530 3645 inquid
539 3579 567 3632 A
616 3579 772 3635 ornithonis
785 3580 812 3634 V
822 3581 984 3636 ornithonas
995 3582 1054 3635 AB
1105 3587 1139 3636 10
1152 3599 1209 3650 quo
1221 3600 1331 3653 genero

181 3699 212 3708 -
233 3667 331 3720 clausa
348 3668 379 3721 a'rt
397 3668 520 3738 margine
538 3668 642 3735 scripta
660 3670 692 3723 in
709 3670 738 3724 Β
836 3675 869 3723 13
888 3686 921 3725 ex
939 3670 975 3725 iis
994 3671 1084 3726 PAB
1101 3687 1135 3726 ex
1153 3670 1231 3726 biso

179 3774 308 3864 artadum
322 3806 350 3861 A
406 3813 438 3862 17
459 3824 512 3861 nan
530 3827 585 3863 non
600 3811 760 3865 tamtumA
816 3819 848 3866 19
868 3773 985 3882 ohletA
1005 3812 1123 3881 opletm
1178 3813 1275 3870 dicam
1294 3816 1330 3872 de

179 3952 232 4005 hoc
257 3950 404 4005 ornithone
422 3950 451 4003 P
465 3900 712 4007 dicamdomithne
731 3952 759 4007 A
782 3953 872 4008 dicam
894 3953 985 4023 primo
1005 3955 1039 4009 de
1057 3957 1111 4011 hoc
1130 3955 1284 4013 ornithone
1301 3959 1330 4014 Β

179 4040 270 4095 dicam
284 4039 376 4109 primo
390 4040 425 4094 de
440 4040 617 4095 omithonev
672 4047 707 4095 20
721 4043 796 4110 quod
817 4043 904 4096 VB·
886 4044 947 4114 qa
963 4059 984 4096 e.
999 4062 1082 4112 quom
1096 4045 1123 4098 A
1178 4045 1327 4104 fatiuntA

230 4129 293 4200 ubi]
313 4129 362 4183 uui
381 4146 448 4184 corr.
469 4129 517 4183 ubi
536 4129 564 4184 A
582 4130 633 4184 ulli
652 4149 678 4184 m
731 4136 764 4184 21
785 4133 904 4204 tectum]
923 4134 1012 4188 tatum
1026 4135 1055 4187 A
1108 4139 1143 4188 22
1162 4138 1241 4192 reete
1262 4152 1321 4196 m

179 4221 238 4273 rete
252 4217 280 4272 A
297 4221 373 4272 recte
392 4235 417 4272 m
490 4217 599 4286 aliquot
615 4219 761 4273 turdorum
776 4222 824 4275 Ba
843 4222 959 4291 aliquod
977 4223 1120 4278 turdorum
1136 4224 1165 4278 P
1179 4225 1326 4284 turdorum

143 4336 146 4339 -
179 4305 288 4372 aliquid
307 4323 376 4361 corr.
392 4305 502 4374 aliquot
515 4308 660 4361 turdomm
674 4309 702 4362 A
773 4313 883 4379 praetor
898 4329 945 4365 eas
959 4328 1026 4366 aues
1040 4311 1110 4366 alias
1124 4313 1151 4366 A
1166 4318 1331 4382 praetereat

180 4393 337 4534 aueslialias
351 4395 379 4448 B
398 4397 508 4463 praeter
527 4414 560 4450 ea
578 4413 645 4451 aues
663 4397 735 4452 alias
751 4399 778 4451 P
794 4401 910 4469 propter
927 4401 980 4455 has
998 4417 1065 4456 aues
1083 4400 1154 4456 alias
1172 4421 1201 4457 m
1215 4410 1331 4474 praeter

179 4497 336 4537 mama
