3000 5026
240 324 305 388 266
733 318 919 373 vennoms

240 493 325 550 cuius
356 491 513 566 vestigium
543 491 574 548 in
603 507 672 566 agro
697 487 806 548 Sabino
838 490 881 547 via
910 486 1015 547 salaria
1043 505 1102 550 non
1129 486 1217 566 longe
1245 507 1262 547 a
1286 488 1387 569 Reate,

215 601 233 657 7
244 581 388 656 miliarius
411 596 504 656 clivus
527 614 595 655 cum
619 595 783 674 appellatur
807 594 900 655 tebae.
941 597 1003 672 agri
1027 592 1174 655 culturam
1198 597 1295 673 primo
1319 615 1387 674 pro·

240 712 306 782 pter
326 711 530 782 paupertatem
551 705 674 762 maxime
694 702 887 762 indiscretam
906 699 1062 780 habebant,
1082 701 1160 779 quod
1180 722 1197 762 a
1215 702 1389 781 pastoribus

240 812 292 888 qui
316 818 401 870 erant
419 812 478 870 orti
496 812 526 870 iu
547 810 650 870 eodem
670 828 739 887 agro
760 817 790 869 et
808 808 947 869 serebant
967 817 996 868 et
1015 808 1189 886 pascebant:
1213 811 1266 888 qui
1282 798 1389 888 possea

240 927 400 977 creverunt
428 917 543 996 peculia
571 917 749 995 diviserunt,
778 934 811 975 ac
839 916 949 976 lactum
979 923 1012 975 ut
1040 915 1212 975 dicerentur
1237 915 1288 975 alii
1312 918 1389 994 agri·
1416 928 1429 968 5

213 1024 335 1103 8colae,
359 1023 407 1083 alii
430 1032 573 1103 pastores.
618 1043 692 1102 quae
716 1026 779 1102 ipsa
803 1041 872 1100 pars
895 1022 1003 1101 duplex
1027 1031 1081 1102 est,
1105 1024 1223 1083 tametsi
1246 1022 1283 1082 ab
1308 1023 1390 1083 nullo

241 1133 312 1190 satis
345 1131 487 1205 discreta,
521 1132 598 1210 quod
633 1131 723 1191 altera
757 1139 803 1190 est
834 1130 959 1190 villatica
991 1133 1099 1209 pastio,
1131 1129 1224 1190 altera
1252 1133 1390 1208 agrestis.

241 1238 313 1298 lraec
347 1247 416 1299 nota
448 1246 477 1298 et
507 1237 626 1316 nobilis,
659 1237 739 1315 quod
767 1247 796 1296 et
824 1239 962 1315 pecuaria
991 1237 1168 1317 appellatur,
1201 1245 1232 1296 et
1260 1238 1390 1298 multum

242 1344 377 1404 homines
400 1344 564 1423 locupletes
588 1344 625 1404 ob
650 1362 713 1403 eam
737 1362 800 1404 rem
821 1352 871 1403 aut
890 1344 1053 1405 conductos
1072 1351 1123 1404 aut
1142 1352 1259 1422 emptos
1277 1344 1390 1406 habeut

241 1451 348 1531 saltus,
372 1451 461 1512 altera
486 1451 620 1530 villatica,
645 1450 722 1529 quod
748 1451 868 1511 humilis
887 1450 1013 1530 videtur,
1037 1469 1051 1508 a
1075 1450 1254 1529 quibusdam
1273 1453 1389 1513 adiecta
1404 1465 1427 1502 ¹⁰

242 1558 277 1617 ad
307 1561 369 1636 agri
399 1558 560 1639 culturam,
588 1576 657 1618 cum
684 1565 764 1617 esset
792 1560 900 1636 pastio,
930 1576 1025 1635 neque
1049 1557 1193 1636 explicata
1218 1566 1279 1618 tota
1305 1577 1388 1638 sepa-

216 1668 346 1744 9ratim,
380 1665 457 1743 quod
487 1667 591 1744 sciam,
619 1664 655 1724 ab
684 1664 751 1725 ullo.
802 1667 901 1743 itaque
930 1683 998 1724 cum
1027 1676 1161 1742 putarem
1191 1683 1257 1725 esse
1286 1684 1389 1725 rerum

242 1774 430 1851 rusticarum,
455 1791 529 1850 quae
553 1774 714 1832 constituta
734 1780 804 1831 suut
823 1772 938 1831 tructus
958 1790 1055 1850 causa,
1077 1773 1134 1831 tria
1153 1789 1272 1851 genera,
1295 1792 1388 1833 unum

241 1878 278 1938 de
311 1881 374 1955 agri
406 1879 536 1958 cultura,
568 1878 694 1939 alterum
722 1878 759 1938 de
788 1897 820 1937 re
849 1880 1001 1958 pecuaria,
1034 1880 1156 1938 tertium
1184 1879 1221 1938 de
1250 1878 1389 1940 villaticis

241 1985 439 2064 pastionibuS,
469 1994 529 2046 tres
557 1985 650 2046 libros
677 1988 808 2062 institui,
837 2004 853 2044 e
878 1987 945 2063 quis
969 1985 1027 2044 duo
1051 1987 1173 2065 scripsi,
1195 1987 1329 2063 primum
1353 1986 1387 2046 ad
1402 1996 1428 2034 1⁵

242 2092 424 2152 Fundaniam
453 2111 576 2153 uxorem
604 2093 640 2152 de
669 2095 732 2170 agri
761 2092 890 2172 cultura,
923 2091 1087 2153 secundum
1116 2092 1152 2152 de
1181 2094 1325 2170 pecuaria
1353 2095 1387 2154 ad

241 2198 420 2259 Turranium
440 2199 577 2276 Nigrum:
602 2202 654 2278 qui
672 2199 806 2277 reliquus
825 2207 871 2259 est
892 2201 1000 2259 tertius
1018 2198 1054 2258 de
1075 2197 1210 2258 villaticis
1229 2199 1388 2279 fructibus,

241 2305 271 2362 in
296 2304 353 2364 lroc
377 2305 413 2364 ad
437 2316 465 2365 te
490 2308 584 2384 mitto,
609 2306 685 2383 quod
712 2307 792 2364 visus
816 2323 882 2364 sum
904 2304 1015 2364 debere
1039 2323 1093 2383 pro
1116 2313 1217 2365 nostra
1236 2308 1387 2368 vicinitate

195 2411 235 2468 10
245 2422 275 2470 et
302 2430 401 2471 amore
430 2411 560 2471 scribere
590 2413 776 2489 potissimum
801 2412 898 2471 adte.
945 2431 1011 2472 cum
1036 2414 1115 2471 enim
1139 2411 1235 2472 villam
1260 2412 1387 2473 haberes

240 2536 329 2596 opere
363 2520 488 2578 tectorio
522 2526 551 2578 et
584 2520 725 2578 intestino
759 2536 793 2577 ac
822 2520 997 2596 pavimentis
1025 2517 1175 2578 nobilibus
1205 2518 1493 2582 lithostrotis&

241 2624 429 2702 spectandam
454 2633 483 2684 et
505 2643 609 2702 parum
634 2631 770 2703 putasses
793 2642 868 2705 esse,
892 2627 923 2685 ni
947 2627 1006 2685 tuis
1029 2643 1146 2704 quoque
1171 2625 1282 2686 litteris
1302 2645 1384 2686 exor-

242 2733 302 2789 nati
330 2733 459 2808 parietes
487 2739 599 2810 essent,
633 2750 686 2808 ego
716 2750 848 2811 quoque,
881 2751 939 2810 quo
967 2733 1099 2791 ornatior
1127 2750 1161 2791 ea
1189 2750 1256 2792 esse
1286 2741 1385 2811 posset

241 2837 339 2898 lructn
364 2837 456 2916 [qrrod
482 2838 584 2918 lactul,
609 2838 688 2917 quod
712 2840 810 2898 lacere
829 2857 956 2917 possem,
980 2839 1053 2898 haec
1076 2838 1112 2898 ad
1136 2846 1166 2898 te
1186 2841 1264 2918 misi,
1287 2857 1384 2899 recor-

240 2944 325 3004 datus
358 2944 394 3004 de
424 2964 456 3004 ea
485 2964 518 3004 rc
547 2963 712 3024 sermones,
746 2964 821 3024 quos
849 2946 885 3004 de
915 2944 980 3004 villa
1009 2946 1140 3024 perlecta
1169 2944 1383 3007 habuissemus.

239 3052 275 3110 de
300 3051 409 3130 qxribus
433 3052 615 3131 exponendis
640 3054 758 3112 initium
782 3054 895 3131 capiam
918 3051 996 3112 hinc.

321 3284 334 3329 1
359 3276 468 3332 sabinio
492 3278 519 3330 A
601 3295 619 3330 a
641 3279 719 3331 reate
741 3275 795 3329 Vm
814 3292 832 3328 a
849 3277 909 3329 rele
928 3275 988 3331 AB
1069 3255 1086 3329 '2
1115 3276 1205 3334 cliuus
1227 3281 1453 3350 appellatu-

240 3365 428 3434 (appellanltur
455 3366 493 3433 A)
521 3365 624 3419 thebae
654 3366 723 3421 Cu'm
750 3364 951 3434 agriculturam
980 3366 1073 3421 PAB
1101 3366 1191 3422 cliuus
1219 3371 1454 3439 appelletur.

240 3454 332 3508 'l'ebae
352 3472 415 3508 cum
434 3454 670 3522 agriculturamo
716 3454 894 3508 3habebant
912 3454 1003 3508 PAB
1021 3455 1192 3511 haberentet
1238 3458 1371 3513 4eodeu1
1408 3459 1418 3463 “
1447 3457 1459 3526 l

153 3565 155 3569 ·
239 3546 319 3600 edem
343 3546 368 3598 A
443 3547 471 3598 et
498 3544 659 3610 reserebant
682 3546 710 3599 Β
782 3543 830 3612 qui
852 3545 950 3611 postea
973 3547 1121 3599 creuerunt
1143 3544 1256 3615 peculia
1279 3548 1462 3602 Iocum-

239 3639 290 3690 rius
322 3652 393 3702 quae
426 3637 491 3701 (que
519 3633 556 3700 A)
589 3635 688 3701 postea
720 3637 868 3688 creuerunt
894 3632 1013 3702 pecunia
1046 3634 1134 3688 VAB
1225 3643 1241 3689 6
1273 3629 1468 3691 temerari

239 3760 275 3812 ab
299 3759 377 3811 nullo
398 3759 456 3811 PA
479 3736 614 3811 lamet⁸¹e
636 3757 714 3812 nullo
733 3760 761 3813 B
784 3758 898 3812 temetsi
921 3775 938 3810 a
960 3757 1038 3811 nullo
1057 3775 1073 3812 o
1145 3766 1161 3812 8
1186 3759 1262 3827 quod
1284 3761 1315 3815 el
1337 3770 1472 3830 pgr·

240 3848 335 3901 cuaria
357 3846 447 3901 PAB
471 3862 542 3915 qnae
565 3848 594 3901 et
611 3847 778 3915 pecuariae
833 3845 993 3915 appellatur
1011 3846 1071 3900 AB
1089 3847 1250 3902 nominatur
1274 3849 1301 3901 V
1352 3845 1476 3901 ml

239 3938 329 3990 totam
349 3938 374 3988 A
440 3943 471 3990 12
490 3935 589 4004 Itaque
607 3938 770 4005 copularem
788 3940 824 3990 A.
862 3938 902 3989 De
922 3935 1037 4005 Origine
1056 3935 1181 3990 nillatiee
1199 3939 1338 4007 pastionis
1353 3939 1432 3990 Γ,
1457 3930 1480 3981 iu

238 4027 363 4097 marpiue
380 4027 493 4081 rubrica
507 4024 535 4079 A
591 4031 623 4079 13
643 4024 797 4080 constituta
816 4027 895 4093 (corr.
915 4057 949 4064 -
968 4027 996 4078 te
1011 4025 1062 4094 A²)
1081 4027 1146 4080 sunt
1163 4025 1218 4080 VA
1233 4018 1481 4082 consuta-uta

239 4168 296 4222 sint
309 4169 336 4221 B
392 4174 425 4221 14
444 4167 560 4222 tercium
580 4168 614 4222 de
632 4116 755 4221 ullaticis
769 4166 796 4220 A
853 4173 885 4220 15
904 4168 972 4237 tres]
991 4169 1020 4220 te
1039 4169 1106 4234 tres,
1124 4168 1170 4221 sed
1188 4169 1216 4221 le
1230 4170 1405 4225 detetur»
1458 4150 1478 4208 Α

292 4257 577 4312 duoPABduosu
633 4264 665 4310 17
685 4255 840 4309 turranium
858 4256 949 4310 PAB
966 4254 1156 4309 turanniumu
1213 4261 1246 4310 18
1266 4260 1385 4311 alter·
1459 4241 1482 4294 *ll

239 4346 354 4411 videtur,
373 4362 443 4399 corr.
463 4346 499 4398 ad
517 4347 545 4400 te
561 4349 655 4416 priore
675 4348 731 4401 loco
750 4346 778 4400 A
837 4351 868 4398 21
890 4347 919 4398 et
938 4350 1000 4399 aute
1018 4362 1118 4413 parum
1135 4361 1186 4400 om.
1210 4344 1301 4399 VAB
1351 4362 1361 4395 .-
1458 4343 1488 4396 1¹¹.

238 4433 295 4488 tuis
320 4435 391 4487 Vin
410 4436 465 4490 tuis
484 4437 546 4491 AB
600 4443 633 4491 23
654 4436 728 4505 quod
746 4436 838 4491 facere
860 4436 950 4490 PAB
969 4435 1061 4503 quoad
1080 4435 1206 4490 faceret>
1262 4433 1337 4489 missi
1457 4414 1479 4470 A
