3000 5026
167 349 232 414 216
658 348 845 404 VARRONIS

168 534 241 596 quae
270 516 335 576 lana
365 516 455 576 multa
485 518 523 576 sit
551 523 581 576 et
603 515 698 595 molli,
727 514 803 575 villis
826 515 892 576 altis
916 524 946 577 et
969 516 1070 576 densis
1093 524 1156 577 toto
1180 535 1314 598 corpore,

166 625 293 684 maxime
321 625 433 684 circum
463 624 610 682 cervicem
638 629 668 681 et
696 621 818 702 collum,
848 629 980 683 ventrem
1009 641 1128 702 quoque
1151 631 1185 684 ut
1208 622 1314 683 habeat

166 730 303 810 pilosum.
354 731 453 808 itaque
492 748 566 808 quae
604 729 632 788 id
670 747 729 788 non
768 728 890 810 babent,
926 732 1054 790 maiores
1087 732 1183 790 nostri
1215 732 1314 808 apicas

166 836 351 916 appellabant
370 854 403 896 ac
423 835 594 896 reiciebant.
636 853 702 895 esse
721 843 838 913 oportet
856 836 997 897 cruribus
1015 836 1191 897 humilibus:
1211 835 1313 896 caudis

140 943 325 1004 Aobservate
349 949 382 1003 nt
405 945 465 1002 sint
488 944 518 1002 in
542 942 623 1002 ltalia
647 942 778 1022 prolixis,
802 944 831 1001 in
852 941 935 1021 Syria
959 943 1108 1004 brevibus.
1153 945 1185 1003 in
1209 944 1313 1021 primis
1337 970 1347 1002 ¹.

166 1051 325 1111 videndum
359 1060 392 1109 ut
425 1049 495 1108 boni
529 1051 651 1109 seminis
682 1067 775 1128 pecus
807 1048 924 1109 babeas.
974 1051 1003 1110 id
1037 1051 1102 1110 lieri
1133 1068 1169 1109 ex
1198 1047 1312 1109 duabus

166 1156 257 1218 rebus
289 1164 388 1236 potest
417 1156 623 1236 animadverti,
656 1175 690 1215 er
719 1157 812 1216 lorma
841 1164 871 1216 et
899 1159 1055 1235 progenie:
1083 1175 1118 1216 ex
1147 1157 1256 1236 forma,
1288 1157 1313 1216 si

166 1267 274 1325 arietes
307 1267 367 1324 sint
395 1264 492 1324 fronte
520 1263 585 1323 lana
613 1265 713 1323 vestiti
740 1263 828 1344 bene,
861 1266 948 1324 tortis
976 1264 1117 1324 cornibus
1145 1265 1253 1342 pronis
1277 1263 1311 1323 ad

167 1377 311 1451 rostrum,
344 1372 421 1430 ravis
454 1368 562 1450 cerulis,
593 1369 658 1429 lana
692 1372 805 1448 opertis
838 1370 974 1452 auribus,
1006 1370 1095 1449 ampli
1128 1377 1251 1450 pectore
1283 1377 1313 1430 et

166 1477 295 1555 scapulis
319 1485 349 1537 et
372 1476 511 1537 clunibus
534 1476 609 1556 latia,
633 1477 725 1536 cauda
749 1475 805 1536 lata
829 1486 859 1537 et
882 1476 976 1556 longa.
1018 1477 1311 1538 animadvertendum

166 1601 284 1662 quicque
308 1583 408 1662 lingua
433 1602 469 1643 ne
493 1585 576 1662 nigra
601 1590 651 1642 aut
674 1585 754 1643 varia
778 1587 825 1665 sit,
849 1584 927 1663 quod
951 1585 1013 1644 lere
1038 1586 1090 1662 qui
1114 1600 1178 1643 eam
1202 1583 1311 1644 babent

166 1687 267 1769 nigros
296 1699 347 1751 aut
375 1691 472 1750 varios
499 1697 659 1768 procreant
686 1708 785 1768 agnos.
832 1709 866 1749 er
895 1693 1037 1769 progenie
1060 1699 1158 1752 autem
1183 1691 1311 1752 animad-

140 1800 309 1877 5vertitur,
337 1799 362 1857 si
390 1815 481 1875 agnos
508 1804 667 1876 procreant
690 1798 843 1858 formosos
888 1799 919 1857 in
943 1797 1143 1877 emptionibus
1166 1800 1234 1858 iure
1257 1801 1311 1859 uti·

167 1924 233 1965 mrrr
258 1923 301 1986 co,
326 1924 384 1985 quo
403 1905 450 1965 lex
469 1906 671 1984 praescripsit.
716 1907 748 1965 in
767 1923 801 1964 ea
820 1906 898 1965 enim
918 1904 965 1966 alii
984 1905 1079 1985 plura,
1102 1905 1153 1966 alii
1171 1908 1311 1984 pauciora

165 2014 330 2091 excipiunt:
362 2011 480 2091 quidam
509 2013 587 2071 enim
616 2013 712 2090 pretio
741 2012 819 2071 lacto
847 2013 877 2070 in
906 2011 1038 2090 singulas
1067 2030 1149 2092 oves,
1183 2020 1218 2073 ut
1245 2014 1317 2091 agui

164 2121 248 2181 cordi
271 2121 330 2181 duo
354 2138 408 2198 pro
432 2137 490 2178 una
514 2137 567 2178 ove
591 2118 834 2198 adnumerentur,
858 2125 887 2178 et
907 2120 932 2177 si
952 2120 1022 2197 quoi
1040 2126 1188 2180 vetustate
1208 2120 1323 2181 dentes

164 2226 280 2307 absunt,
303 2229 374 2287 item
398 2225 484 2285 binae
508 2243 562 2303 pro
587 2224 711 2304 singulis
730 2232 763 2284 ut
782 2224 952 2302 procedant.
999 2225 1035 2284 de
1054 2224 1170 2305 reliquo
1191 2228 1329 2305 antiqua

164 2335 227 2394 lere
251 2333 377 2392 formula
401 2339 534 2392 utuntur.
576 2350 644 2392 cum
667 2338 783 2410 emptor
806 2331 880 2391 dixit
903 2327 989 2392 ‘tanti
1012 2340 1082 2392 sunt
1100 2334 1142 2392 mi
1161 2328 1332 2413 emptaei’

165 2445 195 2496 et
217 2436 266 2496 ille
290 2438 444 2514 respondit
467 2433 562 2498 ‘sunt'
586 2445 616 2497 et
639 2440 813 2516 expromisit
836 2456 986 2519 nummos,
1010 2447 1127 2519 emptor
1150 2440 1353 2518 stipulatur·

139 2546 266 2624 6prisoa
293 2542 418 2603 formula
447 2546 503 2624 sic,
531 2540 642 2604 ‘illasce
670 2562 752 2623 oves,
781 2562 837 2622 qua
865 2545 901 2604 de
925 2563 957 2606 re
981 2549 1090 2627 agitur,
1119 2565 1207 2607 sanas
1231 2556 1359 2609 recte

164 2668 238 2730 esse,
262 2653 307 2709 uti
330 2668 422 2729 pecus
446 2650 575 2731 ovillum,
600 2651 678 2730 quod
702 2657 784 2710 recte
809 2669 914 2711 sanum
937 2660 983 2712 est
1006 2659 1089 2714 extra
1112 2653 1228 2714 luscam
1249 2672 1359 2715 sur-

164 2757 230 2817 dam
254 2758 372 2838 minam,
395 2757 425 2818 id
450 2765 495 2818 est
519 2764 621 2817 ventre
645 2756 756 2838 glabro,
780 2776 877 2836 neque
901 2758 937 2818 de
956 2777 1064 2837 pecore
1082 2758 1225 2820 morboso
1247 2777 1359 2822 esse

165 2908 373 2915 m—

233 2999 249 3046 3
268 2992 366 3061 itaque
385 3008 457 3061 quae
475 2991 504 3045 id
523 3007 580 3045 non
598 2991 704 3046 habent
724 2991 801 3046 Plio.
820 2997 848 3060 8,
868 2996 924 3046 198

234 3220 247 3266 1
270 3222 325 3282 qna
343 3213 409 3268 lana
427 3213 465 3267 sit
482 3214 572 3267 multa
590 3213 635 3282 sit,
652 3214 699 3268 sed
717 3212 755 3268 sit
768 3215 864 3282 priore
882 3215 939 3269 loco
966 3215 1080 3268 deletum
1092 3213 1121 3269 A
1171 3214 1262 3288 villis]
1282 3232 1359 3283 ς

162 3305 239 3360 uillis
256 3307 284 3360 B
339 3313 447 3373 3quae
466 3304 495 3357 id
514 3321 561 3360 mo
580 3320 635 3372 qno
652 3303 683 3356 id
702 3320 771 3358 corr.
791 3320 845 3372 que
863 3303 894 3358 id
912 3308 944 3357 ut
960 3304 1069 3359 uidem
1086 3304 1115 3357 A
1133 3321 1189 3372 quo
1208 3304 1241 3359 id
1255 3304 1359 3358 ΡΞ

251 3395 358 3449 habent
377 3394 404 3446 P
420 3392 522 3447 herent
540 3409 609 3448 corr.
628 3393 734 3447 habent
751 3393 779 3446 A
798 3392 934 3447 haberent
947 3392 996 3446 Ro
1085 3392 1222 3448 scandis
1241 3410 1359 3450 corz

161 3483 256 3540 caudis
270 3485 298 3536 A
370 3480 551 3536 bobseruete
566 3482 657 3535 PAB
676 3481 825 3536 obseruare
842 3481 1001 3547 oforiano
1020 3480 1172 3538 observant
1244 3491 1262 3538 6
1310 3480 1359 3535 i

160 3572 220 3626 fieri
239 3589 272 3626 ex
290 3572 350 3625 AR
369 3568 400 3624 id
418 3585 452 3623 ex
473 3569 500 3622 P
517 3568 546 3622 id
564 3569 623 3624 fere
642 3587 710 3625 exo
782 3569 874 3625 8sint
897 3568 953 3622 VB
972 3572 1037 3623 sunt
1054 3567 1084 3623 A
1145 3571 1245 3640 pronis
1262 3586 1352 3626 m

161 3660 264 3728 promis
274 3659 364 3714 PAR
418 3663 434 3710 9
454 3656 542 3726 ampli
554 3657 644 3712 PAR
659 3648 759 3728 amplis
769 3675 816 3712 mo
831 3657 924 3727 amplo
940 3657 1058 3712 Ursinus
1070 3656 1193 3713 testibus
1208 3654 1359 3730 ampli

162 3747 309 3801 Columella
326 3747 464 3818 V113‚13
529 3752 562 3800 10
577 3747 739 3818 letis]letas
753 3746 901 3803 eoru-is
915 3748 943 3802 A
999 3752 1030 3800 11
1046 3763 1109 3804 eam
1122 3748 1262 3806 habento
1309 3762 1359 3800 ea

160 3836 267 3890 habent
280 3835 369 3890 PAB
424 3841 457 3890 13
475 3835 611 3891 formosos
631 3838 688 3893 VB
705 3839 860 3904 formonsos
874 3838 902 3891 A
916 3855 934 3890 n
948 3842 1083 3904 expuncto
1100 3841 1133 3890 ut
1145 3839 1256 3894 videtur
1289 3831 1359 3892 A*

216 3931 249 3979 14
264 3941 318 3992 quo
332 3925 378 3979 lex
387 3925 446 3981 AR
461 3926 535 3994 quod
550 3926 595 3979 lex
609 3926 710 3981 VA²m
766 3933 798 3981 15
812 3925 906 3996 precio
922 3927 948 3981 V
963 3924 1028 3997 poio
1043 3926 1071 3983 A
1084 3925 1220 3999 precioB
1305 3923 1358 3976 1⁶

160 4014 237 4068 cordi
251 4016 312 4070 AB
331 4015 474 4070 chordiV
527 4016 744 4070 adnumerentur
757 4017 817 4070 AB
832 4019 1049 4071 annumerentur
1069 4015 1095 4069 V
1147 4007 1350 4090 siqupPB

159 4103 237 4173 sique
251 4106 305 4160 Aua
324 4106 347 4159 si
366 4105 445 4174 quio
464 4104 488 4158 si
507 4105 552 4160 eui
566 4106 711 4160 Iucundos
766 4112 799 4161 18
814 4105 853 4159 mi
872 4107 983 4176 emptae
998 4106 1087 4160 PAR
1101 4104 1152 4160 mii
1166 4109 1302 4176 emptae
1315 4109 1336 4148 θ

233 4200 265 4248 19
284 4194 430 4262 respondit
445 4194 504 4248 PB
521 4193 696 4265 respondixit
710 4194 738 4248 A
757 4195 927 4264 respondens
947 4194 1018 4248 dixit
1031 4194 1103 4250 Aim
1120 4192 1290 4262 respondet
1308 4197 1328 4241 θ

230 4282 381 4349 stipulatur
405 4282 460 4336 VB
479 4282 630 4354 stipulator
647 4300 716 4339 corr.
737 4315 768 4324 -
789 4301 822 4338 ur
839 4284 867 4338 A
886 4284 1038 4352 stipulator
1054 4302 1081 4339 m
1152 4289 1187 4339 20
1210 4283 1322 4338 illasve

159 4369 303 4423 Iracundus
321 4368 440 4438 illasque
458 4371 546 4425 VAR
600 4379 634 4426 21
654 4372 697 4427 uti
714 4389 799 4444 pecus
818 4373 875 4430 VB
894 4375 925 4428 nt
943 4391 1028 4445 pecus
1042 4373 1102 4430 Aua
1155 4374 1267 4429 luscam
1290 4355 1320 4415 V

160 4456 246 4515 (lusca
265 4472 333 4512 corr.
352 4459 431 4513 lusca
449 4461 477 4515 A
494 4460 573 4516 lusca
589 4462 617 4515 B
