3000 5026
242 312 281 365 VI
708 304 913 360 PRAEFATIO

245 480 388 558 perierat,
418 475 553 535 similiter
578 483 666 553 atque
691 473 838 534 Victorius
863 471 1014 534 adnotavit
1037 473 1122 553 haec,
1149 476 1298 533 hactemus
1322 492 1390 533 eam

244 586 444 646 uetustissimo
471 585 577 643 codice
604 583 863 642 emendatricem
888 584 1016 656 reliqum
1040 584 1070 640 ire
1090 584 1139 641 ilio
1158 583 1279 655 quidem
1298 584 1390 642 deest.

245 692 322 752 diem
346 688 613 770 bacchanaliorum,
637 708 695 767 quo
721 707 796 767 opus
820 707 834 747 a
859 707 889 747 se
910 688 1076 766 perfectum
1096 705 1161 746 esse
1181 687 1295 768 scribit,
1319 689 1391 749 dicit

245 797 372 877 vigiliam
400 798 503 856 ieiunii
533 795 809 876 quadragesimalis,
838 797 889 874 qui
917 794 980 854 dies
1008 794 1057 854 illo
1083 812 1159 853 anno
1191 794 1246 854 init
1270 794 1391 855 undevi-

246 905 374 966 cesimus
402 904 513 963 mensis
543 902 707 963 Februarii.
756 902 898 962 lectiones
926 910 1024 962 autem
1048 902 1158 962 codicis
1182 903 1290 980 partim
1313 904 1392 961 iuter

245 1015 325 1091 ipsos
360 1029 477 1089 versus,
510 1011 618 1089 partim
648 1011 678 1068 in
708 1007 890 1087 marginibus
919 1008 1057 1069 editionis
1085 1010 1124 1068 ita
1154 1007 1317 1088 adnotavit,
1351 1016 1394 1088 ut,

247 1119 427 1197 ubicumque
457 1117 547 1177 editio
577 1135 592 1175 a
622 1117 769 1196 scriptura
799 1115 910 1176 codicis
939 1116 1123 1196 dissentiret,
1151 1116 1214 1193 ipsa
1245 1113 1333 1173 verba
1358 1115 1393 1175 ad

248 1225 336 1286 tidem
366 1224 476 1285 codicis
505 1225 737 1302 corrigeret.in
766 1241 824 1302 quo
853 1222 1028 1301 plerumque
1057 1221 1187 1301 singulas
1218 1221 1260 1301 rel
1284 1241 1394 1301 paucas

247 1333 370 1411 litteras,
385 1332 420 1391 ad
437 1349 510 1411 quas
525 1331 723 1408 discrepantia
735 1331 900 1408 scripturae
913 1328 1087 1410 pertinebat,
1102 1332 1132 1389 in
1143 1328 1222 1388 edito
1233 1328 1394 1408 exemplari

248 1438 393 1501 subducta
417 1437 494 1498 linea
514 1439 626 1497 notavit
646 1445 675 1497 et
695 1455 743 1497 eas
762 1436 877 1497 litteras
892 1455 967 1515 quae
986 1455 1041 1514 pro
1060 1435 1106 1495 his
1125 1437 1155 1495 in
1176 1420 1263 1494 manu
1284 1436 1395 1513 scripto

248 1547 323 1607 libro
343 1544 519 1624 legebantur
539 1546 758 1623 superscripsit.
796 1542 893 1622 siquid
914 1544 943 1603 in
964 1544 1092 1603 editione
1113 1542 1244 1602 additum
1264 1543 1395 1601 invenie-

251 1652 315 1733 bat,
347 1651 425 1730 quod
459 1652 489 1710 in
522 1650 623 1710 codice
658 1668 716 1710 non
751 1649 917 1729 legebatur,
950 1649 1038 1709 verba
1071 1667 1145 1728 quac
1180 1648 1272 1708 deleri
1304 1648 1398 1710 voluit

250 1758 387 1819 similiter
411 1756 558 1817 subducta
577 1755 653 1817 linea
673 1758 793 1817 notavit.
840 1758 911 1816 item
931 1774 1006 1834 quae
1026 1758 1133 1815 omissa
1153 1754 1198 1814 vel
1217 1759 1396 1835 transposita

252 1872 345 1945 orant,
369 1864 420 1924 ubi
443 1864 509 1924 sieri
531 1871 657 1944 poterat,
680 1865 711 1923 in
735 1864 808 1941 ipsis
832 1862 931 1923 verbis
951 1865 1081 1922 correxit
1099 1861 1143 1921 vel
1163 1860 1282 1922 addidit.
1325 1871 1398 1945 tum,

254 1991 322 2033 cum
359 1973 477 2051 gravior
510 1979 574 2031 erat
606 1969 819 2052 discrepantia,
856 1974 1000 2050 integram
1034 1968 1145 2031 codicis
1177 1969 1334 2029 lectionem
1367 1973 1398 2031 in

257 2080 389 2157 margine
418 2078 577 2157 adscripsit
604 2086 633 2137 et
660 2096 718 2156 quo
743 2077 791 2137 illa
814 2080 979 2157 pertineret
1003 2079 1094 2156 signis
1119 2075 1294 2155 quibusdam
1319 2076 1398 2138 addi·

253 2188 292 2246 tis
316 2184 464 2245 indicavit.
511 2186 735 2266 inscriptiones,
759 2184 867 2264 quibus
893 2184 1019 2264 capitula
1042 2184 1185 2244 librorum
1209 2186 1240 2243 in
1263 2187 1398 2264 principe

255 2292 385 2353 editione
405 2291 543 2352 distincta
563 2299 641 2370 sunt,
661 2293 691 2351 in
711 2290 830 2351 Catonis
849 2291 925 2351 libro
945 2294 993 2371 ita,
1013 2300 1046 2352 ut
1064 2293 1095 2351 in
1115 2290 1216 2351 codice
1237 2309 1286 2351 eas
1306 2293 1398 2371 scrip·

255 2409 301 2461 tas
328 2401 494 2478 invenerat,
524 2399 667 2478 correxit,
695 2416 836 2458 numeros
864 2398 899 2458 ab
930 2399 1043 2459 editore
1067 2398 1183 2459 additos
1207 2397 1322 2458 delevit.
1369 2400 1400 2458 in

254 2508 291 2566 iis
325 2504 412 2584 looiS,
445 2506 476 2564 in
509 2503 617 2585 quibus
646 2506 776 2584 integras
804 2507 1014 2586 inscriptiones
1042 2525 1078 2565 ex
1106 2504 1208 2565 codice
1236 2506 1400 2584 descriptas

254 2611 402 2691 exhibuit,
438 2609 614 2689 plerumque
648 2612 813 2689 anteposita
840 2610 866 2670 R
900 2610 997 2671 littera
1031 2610 1218 2671 rubricarum
1252 2611 1316 2671 loco
1350 2631 1400 2672 eas

253 2718 403 2779 habendas
438 2735 503 2777 esse
537 2717 720 2796 significavit.
757 2719 787 2776 in
815 2716 954 2778 Varronis
983 2717 1066 2778 libris
1095 2726 1125 2778 et
1154 2736 1294 2779 numeros
1323 2722 1400 2799 capi-

255 2834 318 2886 tum
343 2830 373 2883 et
395 2825 477 2901 ipsos
500 2821 603 2883 titulos
626 2822 742 2883 delevit.

344 2931 464 3012 Aliquot
483 2929 636 2992 mensibus
654 2939 724 3011 post
739 2930 879 2992 collatum
894 2932 1076 2993 Marcianum
1091 2930 1224 2992 codicem
1238 2933 1401 2997 Politianus

254 3038 343 3100 alium
367 3037 476 3099 librum
495 3040 747 3118 manuscriptum
768 3038 910 3120 adhibuit,
931 3042 1016 3100 cuius
1031 3038 1174 3099 lectiones
1189 3038 1280 3100 rubro
1301 3041 1399 3102 colore

255 3150 387 3229 scriptas,
408 3148 446 3206 iis
470 3164 543 3225 quas
568 3163 602 3205 ex
628 3147 783 3222 superiore
808 3145 1007 3224 adscripscrat
1030 3144 1150 3206 addidit.
1191 3145 1227 3206 do
1251 3166 1310 3226 quo
1333 3159 1402 3226 post

255 3251 505 3328 subscriptionem
530 3267 620 3330 supra
642 3250 768 3328 positam
793 3251 913 3327 scripsit
936 3249 1009 3310 haec
1033 3253 1103 3311 item
1123 3252 1214 3313 rubro
1234 3253 1332 3314 colore
1352 3274 1400 3314 ex-

254 3366 348 3432 arata,
380 3359 500 3418 Contuli
521 3365 551 3417 et
577 3374 645 3416 eum
670 3358 767 3415 altero
790 3359 968 3418 seminatore
992 3361 1105 3434 codice,
1129 3363 1184 3420 sed
1205 3364 1402 3422 mendosiore.

262 3464 345 3535 Vnde
368 3467 485 3525 seilicet
508 3482 545 3523 eo
572 3469 690 3538 sumpte
718 3471 790 3523 suat
813 3481 892 3538 quoe
919 3467 1027 3525 uideas
1050 3468 1178 3526 rubrica
1203 3485 1266 3528 esse
1289 3476 1402 3530 notato.

255 3571 342 3633 Anco
376 3572 478 3632 eodem
511 3570 616 3630 Mense
649 3570 818 3632 Decembri.
861 3571 936 3646 Aroe.
971 3572 1062 3632 Idem.
1096 3591 1192 3650 neque
1231 3583 1328 3635 tamen
1367 3595 1402 3636 ex

256 3677 313 3738 hoc
336 3677 430 3739 altero
455 3674 556 3736 codice
581 3693 698 3736 omnem
722 3675 857 3737 lectionis
881 3676 1121 3761 discrepantiam,
1146 3682 1223 3743 sicut
1247 3684 1278 3743 in
1302 3685 1403 3762 priore

258 3785 381 3865 iecerat,¹
402 3782 548 3864 adposuit,
573 3782 624 3842 sed
648 3801 751 3865 pauca,
774 3803 849 3863 quae
874 3787 999 3846 maxime
1024 3787 1227 3848 memorabilia
1252 3808 1318 3849 esse
1343 3792 1403 3850 visa

257 3898 353 3973 erant,
375 3893 534 3972 excerpsit,
558 3909 632 3970 quae
658 3891 793 3952 similiter
817 3894 923 3971 partim
943 3896 973 3953 in
994 3894 1175 3973 marginibus
1196 3897 1304 3974 partim
1325 3899 1404 3956 inter

256 3998 349 4059 lineas
372 3998 538 4081 adscripsit.
568 4007 701 4060 ceterum
725 3999 869 4060 lectiones
889 4000 1016 4061 duorum
1037 4002 1172 4061 codicum
1192 4001 1310 4062 diverso
1331 4006 1404 4064 scri·

256 4114 362 4184 pturae
382 4106 491 4188 colore,
510 4125 569 4185 quo
589 4108 620 4166 in
639 4108 675 4166 iis
695 4105 869 4167 adnotandis
885 4125 957 4167 usus
972 4117 1044 4189 erat,
1063 4110 1134 4168 satis
1149 4119 1231 4170 corto
1247 4110 1404 4170 distinctae

258 4219 328 4271 sunt
351 4230 384 4271 ac
408 4213 511 4290 paucis
530 4212 650 4291 quidem
669 4213 742 4274 locis
761 4215 903 4293 exceptis,
922 4216 951 4274 in
968 4214 1077 4293 quibus
1092 4224 1215 4295 propter
1230 4215 1404 4276 subfusonm

256 4319 414 4377 atramenti
442 4317 572 4377 colorem
602 4319 731 4380 dubitari
759 4328 872 4401 potest,
904 4340 939 4380 ex
968 4330 1035 4381 utro
1064 4323 1165 4383 codice
1193 4321 1223 4380 id
1248 4323 1325 4399 quod
1354 4322 1404 4383 ad-

259 4425 405 4502 scriptum
420 4431 466 4484 est
480 4423 688 4505 depromptum
709 4429 757 4510 sit,
775 4429 862 4488 etiam
882 4446 962 4488 nunc
977 4428 1061 4489 facile
1076 4428 1296 4489 discernuntur.
1320 4448 1404 4509 prae-
