3000 5026
197 324 262 388 298
688 322 876 378 vaanoaus

197 510 247 551 eas
263 477 459 552 'vestibulum
492 508 594 551 earum
627 498 823 568 exaequatum
852 492 978 551 tectorio
1007 509 1097 568 opere
1126 500 1266 552 testaceo.
1316 494 1347 552 iu

197 616 233 657 eo
267 606 410 676 perpetua
438 596 562 677 canalis,
593 599 624 656 in
652 616 741 675 quam
769 605 799 657 et
827 597 913 658 cibus
940 599 1062 675 ponitur
1091 598 1136 673 [in
1162 596 1215 675 iis]
1246 606 1278 658 et
1303 601 1348 659 iu·

172 706 330 766 3mittitur
353 723 437 783 aqua.
472 706 515 764 sic
539 706 617 763 enim
642 703 741 764 cibum
765 706 894 782 capiunt.
940 722 1044 763 omues
1067 708 1198 782 parietes
1220 708 1349 766 tectorio

197 812 379 890 levigantur,
411 830 449 870 ne
481 810 572 870 saeles
604 810 695 870 aliave
729 829 803 889 quae
837 810 931 870 bestia
960 813 1085 870 introire
1112 812 1149 872 ad
1178 813 1348 873 nocendum

197 921 306 998 possit,
339 918 430 997 idque
463 928 596 996 saeptum
629 925 725 979 totum
753 926 817 977 rete
849 916 1012 994 grandibus
1039 919 1164 978 maculis
1191 920 1347 1000 integitur,
1377 936 1391 974 ε

198 1043 235 1084 ne
264 1043 300 1084 eo
328 1024 458 1085 involare
488 1024 584 1102 aquila
614 1026 707 1101 possit
736 1042 810 1082 neve
839 1021 901 1100 [ea]
930 1022 1046 1082 evolare
1075 1042 1153 1084 anas.
1204 1024 1348 1102 pabulum

198 1133 235 1190 iis
258 1131 345 1192 datur
369 1133 516 1210 triticum,
544 1130 703 1209 hordeum,
727 1131 853 1209 vinacei,
876 1147 964 1209 uvae,
987 1148 1047 1188 nou
1072 1148 1235 1209 numquam
1259 1134 1349 1192 etiam

199 1257 234 1298 ex
264 1258 339 1317 aqua
368 1240 509 1298 cammavi
537 1245 567 1297 et
595 1237 738 1316 quaedam
767 1238 832 1296 eius
860 1236 939 1295 modi
963 1236 1110 1314 aquatilia.
1156 1257 1234 1316 quae
1258 1241 1290 1299 iu
1314 1259 1349 1300 eo

198 1355 299 1424 saepto
329 1354 418 1406 erunt
444 1347 591 1425 piscinae,
618 1346 649 1403 iu
678 1362 728 1403 eas
755 1361 861 1421 aquam
890 1342 971 1421 large
998 1342 1124 1404 induere
1152 1354 1287 1427 oportet,
1316 1357 1349 1408 ut

198 1469 317 1529 semper
340 1468 445 1510 recens
469 1453 516 1509 sit.
1364 1467 1391 1506 ιι

171 1563 190 1618 4
291 1557 367 1618 Sunt
385 1559 457 1617 item
476 1575 535 1617 non
554 1556 707 1617 dissimilia
726 1556 781 1616 alia
800 1574 917 1637 genera,
941 1566 974 1616 ut
992 1558 1225 1639 querquedulae,
1249 1559 1347 1638 phala-

198 1665 286 1743 rides,
311 1667 353 1724 sic
377 1663 523 1742 perdices,
548 1682 633 1743 quae,
656 1670 689 1723 ut
712 1662 874 1723 Archelaus
898 1662 1011 1744 scribit,
1035 1683 1107 1724 voce
1131 1668 1224 1726 maris
1248 1668 1347 1728 audita

198 1773 378 1848 concipiunt.
411 1788 496 1849 quae,
515 1780 549 1830 ut
568 1772 748 1851 superiores,
767 1788 863 1848 neque
882 1778 1006 1849 propter
1021 1771 1234 1834 secunditatem
1248 1793 1346 1854 neque

197 1885 320 1957 propter
344 1879 518 1937 suavitatem
538 1879 711 1955 saginantur
730 1878 821 1937 etsie
840 1877 988 1955 pascendo
1008 1878 1083 1938 dunt
1101 1881 1239 1956 pingues.
1269 1881 1345 1958 qnod

197 1985 232 2044 ad
253 1985 447 2045 villaticarum
467 1985 635 2061 pastionum
655 1985 784 2061 primum
804 1990 902 2041 actum
917 1985 1067 2060 pertinere
1083 2002 1149 2044 sum
1165 1993 1258 2067 ratus,
1278 1987 1344 2048 dixi.
1356 1996 1374 2038 1⁵

140 2092 193 2152 Xll
291 2091 406 2151 Interea
428 2092 505 2151 redit
524 2090 646 2170 Appius,
669 2099 699 2149 et
717 2092 882 2168 percontati
901 2108 955 2148 nos
974 2089 1011 2149 ab
1031 2089 1079 2150 illo
1099 2100 1129 2151 et
1147 2091 1197 2152 ille
1217 2111 1233 2152 a
1253 2093 1344 2174 uobis,

197 2201 267 2280 quid
297 2208 377 2261 esset
406 2200 518 2261 dictum
547 2218 580 2259 ac
609 2200 727 2259 lactum.
778 2199 905 2278 Appius,
938 2197 1094 2279 Sequitur,
1121 2200 1234 2279 inquit,
1263 2211 1344 2261 actus

198 2308 322 2367 secundi
350 2309 482 2387 generis,
511 2285 676 2366 adficticius
704 2306 739 2366 ad
764 2305 861 2365 villam
885 2307 937 2384 qui
961 2305 1035 2365 solet
1059 2324 1139 2386 esse,
1167 2323 1202 2366 ac
1227 2309 1343 2368 nomine

197 2417 295 2475 antico
319 2433 335 2474 a
358 2422 443 2492 parte
467 2413 593 2491 quadam
617 2412 798 2490 leporarium
822 2412 1010 2490 appellatum.
1042 2432 1110 2473 nam
1131 2431 1230 2492 neque
1250 2414 1344 2474 solum

198 2519 316 2597 lepores
349 2522 378 2579 in
413 2538 447 2579 eo
480 2518 673 2578 includuntur
707 2518 791 2598 silva,
825 2527 858 2578 ut
892 2519 962 2579 olim
990 2521 1021 2578 in
1048 2521 1153 2598 iugero
1181 2520 1269 2600 agelli
1297 2531 1380 2583 autu

198 2626 323 2705 duobus,
347 2626 399 2686 sed
424 2627 512 2685 etiam
537 2626 617 2685 cervi
636 2632 687 2685 ant
705 2644 829 2704 capreae
848 2628 879 2685 in
898 2625 1053 2703 iugeribus
1072 2627 1182 2688 multis.
1217 2627 1346 2698 Quintus

267 2884 302 2932 20
320 2878 350 2932 in
368 2877 466 2948 iugero
485 2876 572 2948 agelli
587 2878 692 2932 Chares.
708 2895 738 2946 p.
758 2882 822 2944 134,
840 2883 859 2932 8
931 2884 964 2932 21
986 2877 1104 2943 Quintus
1119 2879 1235 2934 Fulvius
1250 2880 1347 2950 Lippi·

194 2985 248 3023 nus
267 2968 343 3022 Ptin.
363 2972 395 3034 9,
415 2971 469 3022 173

268 3213 282 3260 1
302 3207 461 3262 testaceos
485 3207 588 3261 testato
610 3205 700 3260 PAR
772 3211 788 3258 2
808 3205 838 3259 in
856 3205 891 3261 iis
909 3207 1001 3261 PAB
1018 3207 1048 3260 in
1065 3206 1110 3261 his
1129 3226 1153 3276 u,
1173 3226 1223 3265 om.
1240 3211 1349 3267 Iuenn-

195 3297 248 3350 dus
337 3295 490 3350 inmittitur
513 3295 540 3348 A
563 3294 726 3348 immittitur
754 3293 810 3348 VB
900 3302 917 3348 4
939 3297 1088 3366 leugantur
1108 3298 1137 3352 A
1227 3297 1301 3372 feles
1323 3300 1351 3353 P

195 3381 282 3438 saeles
301 3384 329 3437 B
351 3384 420 3439 feles
438 3384 487 3439 Ao
577 3389 593 3436 ὁ
616 3385 726 3452 septum
751 3379 776 3435 V
863 3386 954 3438 totum
973 3402 1022 3441 om.
1044 3386 1069 3440 A
1160 3393 1177 3440 6
1201 3389 1302 3456 aquila
1325 3391 1352 3444 V

197 3471 323 3542 aliquam
343 3490 410 3528 corr.
431 3472 527 3540 aquila
544 3473 572 3526 A
591 3470 711 3539 aliquila
723 3472 750 3525 B
804 3489 875 3526 uene
894 3489 928 3526 ea
942 3474 1033 3528 PAB
1051 3491 1122 3529 neue
1141 3493 1175 3530 ex
1193 3492 1259 3532 sao
1330 3486 1346 3534 t

194 3561 231 3616 iis
254 3563 337 3615 datur
358 3561 449 3615 PAB
472 3561 516 3614 his
534 3561 651 3614 daturo
723 3577 921 3628 nonnunquam
944 3561 999 3615 VB
1017 3581 1208 3634 nouumquam
1225 3567 1256 3620 A
1275 3584 1346 3626 corr.

194 3656 381 3718 nonumquam
402 3648 441 3703 A¹
528 3655 544 3703 8
563 3649 701 3717 gommari
719 3647 809 3703 PAR
827 3649 969 3718 gamaria
1055 3654 1181 3720 aquatila
1199 3656 1227 3709 A
1312 3674 1347 3713 eo

195 3741 291 3806 saepto
309 3740 337 3792 B
356 3754 389 3792 eo
408 3737 488 3806 septo
507 3736 535 3790 A
553 3737 652 3791 eodem
670 3740 749 3806 septo
774 3739 800 3792 V

268 3832 300 3879 11
323 3825 484 3895 phalerides
504 3825 596 3880 PAB
617 3826 810 3895 phalerideso
885 3832 917 3881 12
941 3845 994 3896 que
1019 3829 1051 3882 ut
1073 3847 1126 3898 que
1148 3832 1299 3890 archelaus
1317 3835 1345 3890 A

268 3920 300 3970 13
319 3914 538 3970 foecunditatem
564 3915 588 3967 V

268 4011 300 4059 16
323 4005 444 4075 Interea]
464 4006 505 4060 De
529 4003 670 4074 leporibus
694 4007 726 4060 iu
747 4008 870 4075 marpissa
888 4008 1001 4061 rubrica
1018 4008 1046 4061 A
1135 4014 1301 4078 percontati
1317 4014 1344 4069 Β

194 4097 366 4164 percunctati
391 4097 418 4149 P
439 4095 614 4165 percunctati
636 4095 684 4149 Ao
777 4101 808 4150 17
832 4096 917 4166 esset]
936 4102 971 4152 aa
996 4097 1024 4149 A
1046 4099 1088 4152 est
1110 4115 1137 4152 m
1227 4117 1265 4156 ao
1287 4103 1340 4157 luo

194 4185 254 4237 tum
278 4185 335 4239 VB
354 4202 371 4238 a
388 4184 492 4238 factum
512 4184 540 4238 A
559 4201 628 4238 corr.
648 4200 680 4237 ac
699 4183 805 4237 factum
820 4184 859 4237 Α2
878 4188 927 4239 ant
949 4186 1055 4240 factum
1073 4204 1100 4240 m
1172 4187 1273 4258 iuquit
1290 4189 1339 4245 VB

194 4272 290 4340 inquid
309 4273 337 4326 A
411 4279 443 4326 18
462 4273 617 4326 adfictioius
637 4273 693 4326 PA
712 4272 859 4327 aflicticius
873 4274 900 4327 B
919 4275 1096 4329 affictitiusv
1152 4282 1185 4330 19
1205 4278 1344 4335 anticoA

195 4358 311 4425 antiquo
343 4361 399 4414 VB
488 4363 566 4433 nam]
596 4379 652 4416 nan
678 4363 704 4415 A
795 4370 829 4416 20
857 4362 965 4433 lepores
993 4365 1023 4419 in
1050 4381 1083 4421 eo
1106 4365 1165 4420 Am
1193 4369 1346 4426 lucanum

194 4449 303 4517 lepores
323 4463 356 4503 ao
380 4449 437 4504 VB
460 4451 597 4507 Victorius
668 4452 697 4505 in
716 4452 825 4523 iugero]
844 4451 960 4509 innuero
979 4455 1006 4509 A
