3000 5026
424 338 471 392 DE
492 337 580 392 AGRI
598 339 768 394 CVLTVRA
787 340 814 395 C.
835 340 964 400 54—60
1217 342 1260 406 55

117 505 182 564 dies
205 505 338 565 heminas
361 513 474 587 ternae,
497 507 527 566 id
552 514 596 567 est
620 511 651 568 tu
670 525 770 569 meuse
793 507 975 586 amphoram:
998 508 1055 569 hoc
1070 508 1195 588 amplius
1211 509 1260 570 Sa-

116 611 285 674 turnalibus
304 619 333 673 et
348 611 551 692 Conpitalibus
570 616 601 674 in
617 615 749 692 siugulos
763 615 898 675 homiues
914 618 1047 694 congios:
1072 635 1185 676 summa
1200 619 1261 677 viui

115 722 147 780 ln
172 719 307 779 homines
326 720 458 798 singulos
477 723 555 781 inter
570 739 679 781 annum
695 737 725 795 Q.
741 737 812 783 vlu.
850 723 1024 804 conpeditis‚
1047 725 1092 783 uti
1116 724 1259 802 quidquid

116 828 218 906 operis
241 828 358 906 sacient,
381 846 436 906 pro
459 829 596 906 portione
620 828 732 888 addito:
756 847 807 888 eos
831 847 890 889 non
914 837 959 889 est
978 831 1103 890 nimium
1122 832 1152 890 in
1167 849 1260 892 annos

74 931 87 983 5
115 934 249 1014 singulos
273 936 334 995 vlni
352 950 382 1008 Q.
401 949 425 994 x
448 934 576 996 ebibere.

205 1039 438 1102 Pulmentarinm
462 1042 597 1102 familiae.
639 1042 719 1102 oleae
744 1043 872 1104 caducae
896 1061 984 1121 quam
1007 1043 1169 1121 plurimum
1192 1065 1260 1106 oon·
1279 1055 1363 1112 LVIII

115 1149 187 1208 dito.
225 1156 327 1227 postea
351 1149 430 1209 oleas
453 1152 656 1230 tempestivas,
687 1151 765 1210 trude
794 1152 949 1210 minimum
973 1150 1030 1210 olei
1053 1153 1118 1211 lieri
1141 1156 1260 1234 poterit,

114 1274 166 1315 eas
197 1256 330 1337 condito,
358 1258 485 1336 parcito,
509 1259 554 1317 uti
578 1276 666 1335 quam
690 1259 855 1319 diutissime
880 1258 995 1319 durent.
1033 1258 1085 1318 ubi
1109 1259 1188 1320 oleae
1212 1280 1259 1320 co-

114 1381 214 1422 mesae
234 1370 334 1443 erunt,
358 1363 500 1423 hallecem
515 1371 545 1423 et
560 1371 676 1424 acetum
695 1365 771 1425 dato.
813 1365 911 1425 oleum
926 1365 993 1426 dato
1013 1367 1043 1426 in
1067 1367 1184 1427 menses
1207 1369 1260 1428 uni

72 1473 311 1549 1ocquues.1.
362 1471 431 1531 salis
455 1473 508 1531 uni
531 1474 639 1552 cuique
663 1474 693 1532 iu
717 1491 794 1533 anno
818 1473 949 1533 modium
973 1477 1045 1535 satis
1068 1482 1121 1534 est.

204 1578 383 1639 Vestimenta
412 1565 546 1640 lamiliae.
583 1582 714 1640 tunicam
732 1596 761 1640 P.
780 1596 820 1641 ΙΙΙ
840 1595 869 1661 s,
903 1600 971 1660 saga
1003 1582 1124 1642 alternis
1157 1584 1370 1648 anuis1LVllll

113 1687 253 1766 quotiens
278 1688 386 1765 cuique
410 1681 540 1748 tunicam
564 1696 615 1748 aut
639 1706 740 1766 sagum
766 1688 857 1769 dabis,
881 1691 965 1768 prius
980 1697 1110 1750 veterem
1125 1691 1259 1771 accipito,

113 1793 194 1853 unde
214 1800 356 1854 centones
380 1794 464 1854 fiant:
488 1794 663 1873 sculponeas
687 1794 778 1855 bonas
803 1795 924 1856 alternis
939 1798 1024 1856 annts
1044 1797 1113 1856 dare
1133 1804 1259 1874 oportet·

203 1899 306 1960 Bubus
329 1900 440 1960 cibaria
468 1920 564 1961 annua
590 1903 621 1961 tn
650 1904 718 1979 iuga
742 1902 856 1980 singula
879 1902 974 1980 lupini
1003 1903 1116 1962 modios
1140 1910 1259 1963 centum
1279 1921 1323 1976 Lx

70 2017 98 2058 1⁵
113 2008 218 2086 viginti
243 2013 295 2067 aut
317 2007 431 2086 glandis
455 2007 568 2068 modios
584 2022 684 2088 coxa,
708 2009 786 2068 lacni
809 2008 906 2086 pondo
930 2024 1038 2089 onru,
1063 2011 1153 2089 ocini,
1177 2009 1259 2069 labae

113 2127 149 2212 il.
169 2165 230 2232 xx,
249 2152 341 2211 viciae
360 2129 395 2211 ul.
410 2166 488 2211 xxx.
529 2160 682 2229 praeterea
706 2152 842 2230 grauatui
865 2151 962 2211 videto
978 2210 980 2215 ,
995 2153 1040 2211 uti
1068 2153 1139 2211 satis
1167 2153 1258 2212 vIciae

116 2276 207 2319 seras.
244 2258 384 2339 pabulum
409 2277 477 2318 oum
497 2277 588 2340 seres,
612 2257 719 2319 multas
743 2260 872 2319 sationes
895 2259 993 2319 facito.

190 2520 212 2592 1'
223 2538 254 2593 id
273 2541 315 2594 est
334 2540 496 2610 amphoram
521 2539 577 2593 VR
605 2539 634 2593 id
654 2542 696 2594 est
714 2540 867 2608 anphoram
885 2540 913 2594 A
939 2539 968 2593 id
987 2543 1030 2594 est
1047 2541 1211 2609 amphoram
1230 2543 1259 2595 in

114 2645 210 2684 mense
229 2629 375 2683 Iucundua
447 2634 462 2681 2
482 2628 679 2697 compitalibus
699 2627 788 2682 VAR
860 2629 967 2683 omines
987 2631 1101 2700 congios
1116 2662 1149 2668 —
1165 2630 1277 2700 singu'

114 2720 159 2774 los
178 2720 209 2773 iu
226 2736 311 2788 muru.
326 2718 354 2771 A
427 2718 491 2772 tin
508 2717 650 2789 homines]
669 2718 698 2771 in
716 2718 870 2772 nomineA
944 2717 976 2784 Q.
991 2718 1069 2790 VIII]
1088 2735 1151 2772 cum
1171 2719 1259 2773 VAR

114 2809 313 2877 quadrantalia
331 2808 395 2863 VIII
415 2809 562 2862 Iucundos
661 2805 827 2876 compeditis
851 2808 939 2861 VAR
1043 2807 1180 2877 quidquid
1200 2808 1258 2861 PA

115 2898 247 2967 quicquid
267 2899 316 2954 Ru
387 2903 404 2952 4
422 2913 472 2966 pro
492 2895 631 2965 portione]
656 2896 709 2949 Pro
727 2894 854 2962 portione
874 2897 905 2948 iu
924 2898 1047 2964 murya'ue
1065 2879 1261 2964 adsumpsit?

187 2995 203 3044 5
226 2989 286 3043 uini
313 3006 338 3056 q.
362 2987 466 3042 XAR
493 2983 552 3038 uini
579 3002 604 3052 q.
629 2984 655 3038 X
682 2989 707 3037 et
729 2985 760 3036 a'u
785 2984 908 3051 murqiue
927 2984 971 3037 al'.
1010 2984 1212 3049 Quadrantalia
1233 2985 1260 3036 P

113 3078 175 3133 uini
194 3077 262 3133 .ΙΙΙΙ.
281 3078 341 3132 Xe

188 3174 203 3222 6
223 3167 255 3221 R.
274 3166 381 3221 LXVII
395 3163 615 3219 Pulmentarinm
633 3161 757 3216 familiae
775 3163 910 3230 quantum
929 3161 1009 3215 detur
1027 3161 1054 3215 A
1065 3161 1108 3216 Vo
1182 3161 1258 3215 oleas

113 3275 166 3312 om.
184 3256 222 3323 A,
240 3257 304 3312 add.
329 3255 385 3309 VR
454 3261 469 3309 8
489 3269 614 3308 comesae
633 3253 661 3306 R
681 3268 832 3306 commosse
850 3251 877 3305 A
897 3256 1023 3305 comesae
1048 3250 1073 3304 V
1136 3257 1151 3304 9
1171 3251 1258 3305 halla-

114 3364 177 3403 cem
196 3346 274 3400 PAc
297 3345 414 3400 allecem
433 3345 448 3397 b
467 3343 629 3398 halecemo
719 3339 869 3410 unicuique
889 3339 942 3397 ,8.
963 3340 975 3392 I
992 3341 1085 3408 priore
1104 3341 1160 3396 loco
1180 3341 1258 3395 PAc

112 3435 265 3504 unicuique
285 3435 311 3490 S.
332 3436 344 3488 I
363 3436 399 3488 bo

189 3531 221 3578 11
241 3525 274 3578 R.
293 3523 408 3578 LXVIII
427 3520 603 3577 Vestimenta
621 3518 746 3574 familiae
766 3519 850 3575 AVo
931 3519 1118 3590 Vestimenta]
1138 3521 1169 3573 iu
1187 3537 1258 3573 mur-

111 3617 179 3685 9inc
207 3612 264 3669 al's.
295 3611 496 3679 Quadrantalia
520 3612 554 3676 P,
582 3611 628 3664 sed
655 3611 739 3664 deleto
761 3611 840 3677 aluno
862 3611 934 3678 quod
957 3611 994 3664 ud
1012 3609 1187 3664 Vestimenta
1210 3610 1258 3662 ud-

106 3708 244 3774 posucrut
316 3707 349 3755 12
368 3700 496 3769 quotiens
515 3699 614 3767 cuique
631 3699 698 3766 Pcf
715 3697 935 3766 quotienscuque
953 3701 1002 3753 Ab
1021 3697 1258 3767 quotIenscunque

111 3812 128 3847 o
246 3798 278 3845 13
298 3790 463 3858 sculponeae
481 3789 638 3853 Iucundos,
661 3786 817 3857 sculponias
844 3786 933 3840 VAR
1041 3786 1120 3841 annis
1148 3803 1199 3842 om.
1223 3787 1257 3853 A,

190 3977 222 4024 14
241 3971 273 4026 R.
293 3967 423 4024 LXVlIII
445 3967 539 4041 Bubus
559 3966 664 4021 cibaria
682 3966 709 4022 A
721 3965 765 4020 Vb
873 3969 906 4018 15
926 3965 1000 4017 foeni
1024 3964 1161 4032 pomini,
1185 3965 1257 4032 XXI,

112 4060 192 4116 ocini
216 4061 244 4114 P
267 4059 326 4114 feni
353 4057 446 4126 pondo
470 4057 580 4127 LVXXI
604 4054 677 4109 ocini
696 4056 723 4108 A
751 4053 808 4127 feni
831 4053 922 4121 pondo
942 4051 1016 4104 LXX
1040 4049 1115 4104 ocini
1139 4053 1154 4103 b
1183 4051 1257 4104 foeni
1311 4121 1314 4127 Ι

113 4149 209 4220 pondo
228 4146 332 4202 LIXXI
351 4145 423 4200 ouini
442 4163 455 4199 c
479 4144 554 4198 foeni
573 4144 665 4213 pondo
685 4143 773 4196 LXXI
793 4140 917 4210 ocymio
944 4139 1019 4194 foeni
1038 4139 1130 4207 pondo
1150 4138 1257 4194 loxxo

114 4239 190 4296 ocini
211 4237 362 4302 Victorius,
380 4234 457 4289 foeni
475 4234 567 4303 pondo
586 4233 674 4287 LXXI
694 4232 786 4302 ocymi
803 4231 922 4286 totidem
941 4230 1086 4284 Iracundus
1175 4230 1258 4286 fabae

112 4341 148 4424 ii.
170 4366 233 4420 xx.
252 4362 342 4418 uiniae
362 4336 484 4418 Runa.
506 4359 598 4412 aaa
617 4359 698 4412 rasae
717 4356 824 4411 moues
843 4356 894 4409 xx
912 4355 1002 4409 uaccae
1021 4355 1128 4410 moetos
1146 4356 1225 4411 xxx
1243 4375 1258 4411 o

189 4462 223 4510 16
242 4453 344 4525 niciae]
362 4452 430 4507 uitia
447 4453 594 4522 posteriore
612 4451 668 4504 loco
687 4448 714 4499 A
