3000 5026
187 354 252 418 242
678 349 864 407 vannorus

160 526 315 601 ‹tmutant7
338 528 369 581 et
392 520 428 580 de
452 521 576 580 sanitate
600 532 633 579 ac
656 536 732 578 noxa
751 517 827 578 solet
845 519 952 577 caveri.
995 513 1149 576 commode
1167 519 1332 592 pascuntur

188 627 266 687 iarre
286 634 316 687 et
335 625 502 687 luriuribus
521 625 701 686 hordeaceis.
739 624 935 685 admittuntur
955 630 1022 682 ante
1042 620 1212 710 51115ρᾐ12,
1232 629 1266 679 ut
1284 637 1331 678 eo·

187 734 254 794 dem
278 742 410 813 tempore
435 733 556 793 alterius
580 735 650 792 anni
672 704 801 810 pariant:
830 731 1005 791 duodecimo
1034 731 1112 789 enim
1135 745 1239 788 mense
1263 744 1331 786 con·

133 857 135 863 ’
188 848 306 919 ceptum
335 858 435 900 semen
464 839 602 900 reddunt.
648 846 823 917 praegnates
851 855 941 916 opere
974 836 1084 896 levant:
1117 838 1222 896 venter
1253 835 1331 894 enim

186 946 287 1007 labore
319 949 468 1007 nationem
502 947 600 1006 reddit
632 946 820 1006 deteriorem.
870 962 982 1004 marem
1015 962 1074 1003 non
1102 943 1269 1021 deiungunt
1296 939 1333 1000 ab
1362 954 1375 993 5

188 1072 287 1133 opere,
312 1052 390 1132 quod
414 1054 589 1113 remissione
613 1052 722 1113 laboris
746 1053 780 1112 fit
803 1052 942 1112 deterior.
987 1053 1019 1111 in
1042 1058 1129 1129 partu
1149 1049 1251 1110 eadem
1272 1049 1334 1108 iere

188 1160 359 1240 observant,
393 1179 467 1239 quae
499 1162 529 1220 in
559 1161 653 1238 equis.
704 1159 867 1220 secundum
895 1168 1013 1236 partum
1042 1156 1139 1236 pullos
1168 1174 1245 1216 anno
1275 1173 1336 1214 non

188 1275 342 1327 removent
369 1285 384 1327 a
415 1275 518 1327 matre.
564 1269 698 1346 proximo
727 1285 803 1327 anno
832 1264 969 1326 noctibus
998 1267 1153 1343 patiuntur
1176 1281 1242 1324 esse
1267 1281 1336 1322 cum

188 1374 235 1434 his
267 1383 297 1434 et
329 1374 435 1435 leniter
466 1377 603 1453 capistris
641 1373 732 1434 aliave
766 1392 823 1453 qua
856 1392 888 1433 re
921 1371 1031 1433 habent
1064 1374 1188 1432 vinctos.
1244 1372 1338 1431 tertio

189 1499 266 1541 anno
298 1481 418 1540 domare
449 1483 598 1559 incipiunt
629 1481 664 1540 ad
698 1498 748 1539 eas
776 1497 838 1559 res,
870 1480 905 1540 ad
935 1497 1008 1559 quas
1037 1480 1164 1557 quisque
1193 1495 1243 1537 eos
1274 1476 1339 1537 vult
1354 1495 1378 1532 1e

165 1586 303 1648 5habere
326 1590 357 1647 in
380 1606 445 1648 usu.
492 1587 671 1667 relinquitur
694 1586 730 1646 de
754 1604 887 1667 numero,
911 1604 1038 1666 quorum
1061 1603 1167 1664 greges
1185 1603 1245 1645 non
1267 1602 1341 1644 sane

191 1695 279 1775 liunt,
308 1696 366 1754 nisi
395 1714 431 1754 ex
460 1698 503 1754 eis
528 1696 579 1774 qui
606 1712 696 1754 onera
725 1703 857 1774 portent,
884 1694 951 1754 ideo
981 1693 1059 1773 quod
1087 1692 1222 1773 plerique
1253 1692 1341 1753 didu-

192 1809 301 1861 cuntur
328 1802 364 1861 ad
393 1801 485 1862 molas
513 1802 621 1862 autad
646 1801 893 1880 agriculturam,
920 1800 973 1861 ubi
996 1801 1067 1880 quid
1091 1800 1260 1861 vehendum
1285 1808 1343 1880 est,

191 1916 242 1969 aut
274 1910 363 1969 etiam
395 1908 431 1968 ad
465 1907 620 1988 arandum,
653 1907 704 1969 ubi
737 1907 809 1967 levis
842 1916 889 1968 est
921 1916 1014 1982 terra,
1048 1916 1082 1968 ut
1108 1909 1141 1967 in
1169 1905 1343 1986 Campania.

191 2033 297 2093 greges
324 2016 400 2075 fiunt
428 2016 489 2075 lere
519 2025 730 2096 mercatorum,
762 2023 794 2075 ut
822 2033 925 2075 eorum
954 2016 1006 2094 qui
1033 2033 1049 2074 e
1077 2014 1261 2075 Brundisino
1291 2022 1345 2074 aut
1360 2031 1378 2068 ιτ

192 2121 296 2201 Apulia
330 2121 445 2182 asellis.
460 2121 624 2182 dossuariis
654 2129 832 2200 conportent
858 2121 894 2181 ad
924 2141 1003 2183 mare
1031 2122 1129 2184 oleum
1157 2129 1209 2183 aut
1237 2124 1344 2182 vinum

191 2231 321 2308 itemque
345 2230 527 2289 trumentum
551 2238 602 2290 aut
625 2210 696 2308 quid
719 2230 799 2290 aliut.

135 2333 185 2393 Vll
284 2335 445 2409 Lucienus,
474 2335 535 2414 Ego
565 2355 683 2416 quoque
711 2339 870 2398 adveniens
898 2340 1026 2416 aperiam
1055 2356 1205 2418 carceres,
1234 2339 1345 2418 inquit,

193 2449 223 2501 et
250 2460 343 2519 equos
372 2444 507 2501 emittere
530 2437 683 2522 incipiam,
712 2462 766 2503 nec
791 2444 886 2505 solum
911 2463 1019 2526 mares,
1049 2463 1125 2524 quos
1148 2445 1344 2506 admissarius

193 2545 300 2628 habeo,
332 2555 365 2607 ut
392 2548 522 2628 Atticus,
551 2548 683 2626 singulos
711 2551 742 2609 in
771 2549 894 2612 feminas
922 2551 1022 2612 denas.
1072 2570 1089 2612 e
1118 2553 1185 2631 quis
1214 2552 1378 2613 femmasa

194 2653 226 2723 Ο.
251 2651 368 2713 Medius
387 2654 560 2734 Equiculus,
579 2657 623 2714 vir
643 2655 831 2739 fortissimus,
855 2661 943 2719 etiam
962 2660 992 2718 in
1012 2677 1045 2718 re
1064 2658 1186 2718 militari
1203 2661 1289 2720 iuxta
1309 2678 1343 2720 ac

265 2850 281 2898 6
300 2845 374 2911 quod
392 2842 555 2898 remissione
573 2845 678 2900 laboris
698 2846 773 2902 Ptin.
793 2853 895 2914 &168

265 3027 282 3074 3
309 3018 424 3076 alterius
452 3021 518 3074 anni
543 3023 634 3078 PAB
663 3024 778 3079 alternis
806 3025 886 3079 annis
908 3025 1095 3080 e.‘Alterius
1124 3025 1192 3080 enni
1219 3027 1342 3096 parient.

199 3109 312 3164 Vetusto
346 3111 412 3163 haee
443 3111 533 3177 lectio,
571 3118 652 3167 antee
683 3115 819 3181 mendose,
852 3115 975 3170 Alternis
1007 3117 1097 3171 annio.
1150 3116 1243 3172 Panlo
1268 3122 1343 3186 poet,

194 3197 243 3251 nbi
271 3199 303 3251 in
321 3200 440 3266 emensis,
470 3200 549 3270 Quod
567 3202 722 3256 remissione
745 3202 847 3257 loboris
868 3205 901 3272 fit
923 3205 1046 3259 deterior.
1089 3205 1129 3259 In
1152 3206 1278 3276 antiquis
1297 3205 1343 3260 Sic

196 3286 333 3340 deterior.
347 3289 476 3343 Arbitror
491 3290 639 3358 legendnm,
652 3292 697 3344 hic
710 3292 836 3345 deterior’
860 3293 997 3348 Victorino
1068 3300 1086 3346 4
1099 3296 1270 3365 praegnates
1285 3294 1343 3349 PB

196 3375 382 3442 pregndtesA
396 3383 610 3447 praegnanteso
665 3384 680 3432 5
695 3379 850 3450 deiuogunt
862 3382 951 3436 PAB
967 3382 1155 3453 disiungunto
1206 3384 1342 3440 dichorio

195 3461 228 3514 fit
251 3464 372 3518 deterior
394 3481 411 3518 o
434 3464 539 3519 laboris
562 3467 599 3519 sit
623 3467 744 3522 deterior
762 3469 789 3521 A
812 3469 917 3524 laboris
936 3469 976 3523 sie
996 3470 1118 3525 deterior
1136 3472 1241 3526 PBA²
1258 3473 1339 3528 labor

194 3551 226 3605 fit
247 3552 370 3605 deterior
387 3571 414 3606 m
474 3553 605 3623 inportu
625 3557 683 3609 Am
701 3557 732 3610 in
749 3561 832 3626 postu
857 3558 912 3611 VB
971 3560 1094 3614 ttercio
1113 3562 1141 3615 A
1201 3567 1235 3615 10
1253 3563 1292 3618 ed
1309 3579 1341 3618 ee

196 3657 241 3693 res
259 3639 288 3692 A
310 3657 379 3694 corr.
404 3640 440 3693 ad
464 3658 511 3695 ees
534 3660 578 3696 res
596 3644 637 3696 Ass
728 3652 760 3701 12
784 3647 855 3701 fiunt
879 3648 936 3716 (red
958 3646 987 3701 iu
1005 3649 1037 3703 r'n
1054 3667 1156 3705 rosera
1174 3650 1225 3721 A²)
1243 3651 1343 3706 niestei

197 3727 246 3794 qui
266 3726 355 3804 PAB
378 3729 448 3782 fiunt
470 3731 526 3784 nisi
548 3731 575 3786 ei
598 3732 646 3802 qui
669 3751 685 3788 o
757 3737 872 3804 portant
888 3753 915 3788 m
987 3737 1156 3793 diducuntur
1173 3741 1234 3794 AB
1258 3741 1341 3795 dedu·

195 3812 299 3869 cuntur
317 3816 372 3870 Pm
390 3817 597 3876 deducanture
652 3829 686 3876 14
706 3824 777 3878 leuis
798 3824 857 3878 ΡΑ
875 3825 964 3879 leuius
983 3826 1011 3878 B
1029 3827 1152 3884 leuiore
1209 3835 1243 3884 15
1260 3830 1340 3900 bryn-
1361 3864 1378 3872 -

195 3903 286 3958 disino
306 3905 396 3959 PAB
420 3904 572 3962 brundusio
591 3926 607 3964 o
681 3917 714 3965 16
738 3912 888 3966 doesuariis
911 3914 966 3967 VB
988 3914 1128 3970 dossuaris
1147 3919 1175 3971 A
1247 3925 1339 3990 copor-
1357 3950 1378 3959 -

194 3993 258 4047 tant
275 3996 355 4049 Amo
375 3998 553 4065 comportant
573 3998 633 4052 PB
707 4007 738 4055 17
758 4002 829 4056 aliut
847 4004 908 4057 ΑΡ
923 4004 1001 4057 aliud
1018 4005 1067 4061 Be

270 4091 302 4139 18
322 4086 460 4140 Lucienus
478 4103 495 4141 e
515 4087 635 4142 lucinius
654 4089 751 4144 ΡΑΒ.
784 4090 825 4144 De
845 4092 923 4160 equis
937 4094 969 4147 in
981 4095 1105 4164 margine
1118 4097 1232 4153 rotrico
1245 4099 1274 4152 A

196 4173 288 4241 inquit
305 4175 353 4227 Bo
376 4175 475 4244 inquid
496 4177 555 4230 ΡΑ
662 4184 697 4232 20
719 4178 856 4234 foeminas
881 4187 994 4251 utroque
1018 4185 1074 4239 loeo
1099 4186 1125 4239 V
1231 4192 1264 4240 21
1292 4199 1335 4256 que
1361 4203 1378 4234 a

196 4261 305 4314 modius
329 4262 390 4316 AB
413 4279 485 4330 quae
508 4265 618 4320 Medius
643 4267 671 4319 P
692 4283 764 4335 quae
787 4268 895 4324 Medius
918 4289 943 4326 o.
982 4271 1025 4338 Ὦ.
1050 4274 1160 4328 Medius
1182 4274 1372 4344 Equiculus.

198 4351 249 4403 Ita
275 4352 418 4405 emendaret
446 4355 553 4408 anxilio
580 4361 748 4411 netnstorom
776 4359 909 4427 codicum,
938 4361 970 4413 e'n
997 4363 1108 4431 quidne,
1138 4363 1197 4430 Qne
1225 4366 1378 4430 modion-³

198 4439 304 4509 lepitnr.
348 4440 419 4494 Fere
447 4448 536 4496 antem
562 4452 664 4499 ueteres
691 4447 803 4501 librarii
830 4465 891 4502 corn
920 4448 951 4518 Q.
978 4468 1144 4518 praenomen
1171 4456 1378 4510 arridendum·-
