3000 5026
446 338 576 394 RERVM
594 338 829 409 nusciosum
848 339 914 396 Lls.
936 336 999 394 112
1112 381 1115 387 .
1233 338 1297 406 217

156 503 324 584 habereque
347 513 428 567 recte
452 504 555 588 licere,
582 507 656 567 haec
678 509 721 567 sio
745 516 827 568 recte
850 509 915 568 lieri
940 505 1144 587 sponoesnet'
1177 528 1244 570 cum
1269 510 1299 570 id

156 612 266 673 iactum
289 619 344 695 est,
366 620 464 674 tamen
488 631 559 692 grex
583 613 735 674 dominum
758 632 818 675 nou
842 617 979 695 mutavit,
1009 616 1067 676 uisi
1091 618 1116 677 si
1140 624 1185 677 est
1208 616 1299 677 aduu-

155 727 309 780 meratum.
355 739 410 781 uec
434 738 493 781 non
517 729 633 800 emptor
651 730 720 800 pote
739 740 775 780 ex
794 730 892 800 empto
912 722 1030 783 vendito
1049 723 1131 784 illum
1151 723 1299 803 damnare,

158 828 182 886 si
209 845 269 887 non
297 827 407 910 tradet,
435 830 568 907 quamvis
596 846 655 888 nou
685 827 806 888 solverit
830 847 979 912 nummoS,
1008 838 1040 890 ut
1064 828 1112 888 ille
1136 836 1298 907 emptorem

123 933 246 995 ssimili
269 934 392 1015 iudicio,
416 937 442 995 si
465 954 524 995 non
548 935 646 996 reddit
669 937 805 1013 pretium.

244 1040 286 1100 lle
304 1041 405 1102 alteris
425 1049 565 1121 quattuor
584 1041 679 1103 rebus
693 1042 834 1121 deinceps
853 1044 957 1124 dicam,
977 1044 1013 1103 de
1028 1044 1171 1124 pastione,
1190 1045 1295 1124 fetura,
1330 1046 1347 1104 7

157 1149 315 1229 nutricatu,
339 1151 472 1210 sanitate.
518 1152 647 1228 primum
671 1149 884 1228 providendum
909 1158 943 1210 ut
966 1158 1061 1211 totum
1086 1169 1195 1211 anuum
1219 1157 1300 1211 recte

158 1261 315 1330 pascantur
337 1254 419 1315 intus
443 1256 581 1316 otiaris:
606 1254 719 1315 stabula
742 1255 849 1315 idoneo
872 1255 937 1316 loco
960 1265 994 1317 ut
1018 1259 1086 1337 sint,
1110 1276 1148 1317 ne
1171 1266 1300 1337 ventosa,

160 1377 230 1438 quae
259 1368 395 1439 spectent
425 1363 517 1440 magis
545 1363 581 1423 ad
610 1363 754 1422 orientem
783 1380 870 1441 quam
895 1351 929 1422 ad
955 1364 1149 1424 meridianum
1174 1372 1301 1443 tempus.

114 1483 147 1527 ,ο
162 1466 207 1528 ubi
231 1475 320 1549 stent,
343 1467 439 1529 solum
463 1477 580 1549 oportet
604 1487 669 1529 esse
693 1468 883 1529 eruderatum
907 1478 937 1530 et
955 1471 1127 1552 proclivum,
1153 1480 1184 1531 ut
1204 1472 1302 1532 everri

163 1572 240 1634 laoile
267 1577 364 1653 possit
391 1594 424 1636 ac
452 1576 518 1636 lieri
544 1594 663 1654 purum.
709 1578 871 1637 nonenim
896 1577 989 1637 solum
1016 1576 1078 1655 [ea]
1102 1577 1181 1655 uligo
1206 1577 1300 1637 lanam

162 1684 321 1760 corrumpit
343 1683 451 1763 ovium,
475 1683 526 1743 sed
550 1685 637 1743 etiam
662 1682 796 1763 ungulas,
820 1701 853 1743 ao
873 1683 992 1744 scabras
1011 1684 1076 1744 fieri
1095 1686 1182 1763 cogit.
1229 1701 1296 1744 cum
1330 1685 1349 1744 8
1424 1694 1434 1711 ·

158 1787 267 1869 aliquot
291 1789 355 1849 dies
379 1795 535 1868 steterunt,
562 1788 699 1849 subicere
723 1797 842 1867 oportet
865 1789 991 1868 virgulta
1015 1789 1078 1870 alia,
1103 1808 1160 1869 quo
1184 1789 1301 1850 mollius

150 1899 346 1976 requiescant
372 1897 570 1974 purioresque
598 1897 666 1956 sint.
712 1895 853 1957 libentius
876 1899 956 1958 enim
980 1899 1019 1957 ita
1043 1906 1215 1975 pascuntur.
1262 1896 1301 1956 la·

114 2013 124 2053 ⁵
148 2004 298 2064 ciendum
327 2021 445 2083 quicque
470 2011 570 2080 saepta
593 2011 708 2063 secreta
732 2002 768 2062 ab
792 2002 869 2085 aliis,
898 2021 957 2082 quo
980 2004 1125 2063 incientes
1149 2002 1302 2064 secludere

132 2112 262 2190 possis,
286 2112 357 2171 item
382 2128 441 2189 quo
464 2127 590 2188 corpore
613 2128 710 2188 aegro.
757 2110 828 2170 haec
853 2112 946 2188 magis
970 2110 1005 2171 ad
1029 2109 1173 2170 villaticos
1196 2127 1302 2188 greges

123 2217 423 2278 animadvertenda.
473 2224 575 2277 contra
607 2215 673 2276 illae
704 2217 734 2277 iu
768 2216 891 2278 saltibus
924 2236 999 2297 quae
1030 2224 1194 2295 pascuntur
1224 2223 1254 2276 et
1282 2234 1297 2276 a
1331 2221 1349 2277 9

118 2327 243 2385 tectis
273 2324 382 2384 absunt
413 2323 513 2403 longe,
540 2331 660 2401 portant
683 2341 785 2384 secum
808 2331 906 2384 crates
930 2331 980 2385 aut
1003 2325 1091 2404 retia,
1122 2322 1231 2402 quibus
1254 2341 1302 2383 co·

114 2424 257 2492 hortes
285 2433 317 2490 iu
347 2429 505 2491 solitudine
534 2429 655 2511 iaciant,
683 2438 840 2511 ceteraque
866 2430 1014 2492 utensilia.
1060 2429 1146 2508 longe
1170 2432 1250 2490 enim
1273 2439 1303 2490 et

114 2529 216 2596 late
243 2538 274 2596 iu
303 2536 429 2596 diversis
457 2534 530 2596 locis
557 2537 640 2614 pasci
669 2535 777 2618 solent,
804 2543 837 2597 ut
866 2537 958 2598 multa
985 2537 1064 2598 milia
1092 2537 1191 2597 absint
1215 2555 1302 2615 saepe

114 2639 299 2704 libernae
322 2643 473 2723 pastiones
492 2641 528 2702 ab
548 2643 675 2703 aestivis.
720 2644 783 2722 Ego
803 2661 873 2703 vero
893 2646 963 2724 scio,
987 2647 1119 2723 iuquam:
1143 2662 1210 2704 uam
1230 2643 1304 2703 mihi

114 2761 263 2829 {reges
296 2751 327 2810 in
354 2747 458 2826 Apulia
490 2748 699 2828 hibernabant,
732 2751 784 2827 qui
815 2751 846 2809 in
873 2750 1006 2811 Reatinis
1039 2750 1189 2811 montibus
1217 2752 1302 2812 aesti-

114 2851 277 2931 rabant,
306 2875 373 2917 cum
401 2857 479 2915 iuter
502 2855 574 2915 haec
598 2854 666 2914 bina
690 2853 766 2934 loca,
794 2862 827 2914 ut
850 2856 952 2934 iugum
976 2859 1108 2917 continet
1131 2856 1297 2937 sirpiculoS,
1310 2861 1350 2918 10

114 3056 371 3076 Ὣ-

247 3230 264 3278 2
287 3225 412 3278 mutatur
434 3239 503 3278 corr.
525 3221 647 3277 mutauit
664 3221 692 3275 A
782 3228 798 3275 3
822 3222 955 3278 damnare
974 3225 1001 3277 A
1020 3224 1142 3277 dannare
1160 3223 1188 3276 Β
1206 3223 1303 3292 damp-

114 3313 226 3366 mre
248 3312 276 3367 V
345 3311 518 3382 lquamvis]
538 3328 621 3379 quam
640 3309 701 3365 ouis
720 3311 810 3365 PAB
828 3312 946 3379 quanuis
965 3329 1011 3368 mo
1069 3311 1204 3367 biuditio
1223 3312 1250 3365 A

114 3401 284 3457 precium
308 3402 364 3456 VA
382 3401 520 3471 praetium
539 3401 567 3453 Β

145 3512 151 3519 ·
230 3490 377 3546 6foatura
400 3493 427 3547 V
480 3488 617 3543 siduneo
641 3508 710 3548 corr.
729 3492 830 3546 idoneo
849 3490 877 3544 A
932 3497 965 3545 10
985 3491 1075 3546 euerri
1093 3490 1149 3544 ΡΑ
1169 3487 1258 3543 auerti
1276 3487 1304 3540 B

144 3567 146 3570 ¹
232 3587 264 3635 11
292 3580 399 3654 lanam]
423 3584 518 3638 lunam
541 3584 569 3638 A
660 3588 693 3637 12
722 3579 816 3635 ouium
838 3581 1051 3651 seposuiptum
1073 3580 1106 3633 iu
1127 3579 1155 3632 Β
1245 3589 1305 3630 sca·

118 3647 221 3724 bras
243 3672 300 3726 Vm
316 3673 441 3739 senatres
455 3674 483 3727 Β
501 3673 613 3728 sonabas
628 3671 656 3728 A
724 3675 756 3722 13
776 3668 885 3736 aliquot
899 3668 958 3723 dies
973 3669 1022 3723 Bo
1040 3667 1156 3736 aliquod
1174 3667 1233 3721 dies
1248 3665 1305 3720 ΡΑ

134 3825 143 3837 -
266 3761 393 3831 uirgulta
417 3762 509 3816 A²mo
537 3762 659 3816 uinculta
685 3758 777 3812 PAB
885 3763 917 3811 15
946 3760 1027 3827 septa
1056 3757 1143 3812 VAB
1251 3771 1305 3825 quo

132 3837 307 3906 nlicientes
331 3851 359 3902 P
378 3851 445 3918 quoi
460 3853 465 3921 Ι
480 3849 616 3904 nicientes
639 3851 666 3903 A
695 3865 748 3917 quo
771 3846 946 3916 inicicientea
969 3846 997 3899 B
1024 3861 1080 3913 quo
1108 3845 1245 3900 enitentes
1268 3860 1305 3898 c.

136 3914 234 3994 ‘Quo
252 3938 392 3994 incientes
411 3939 554 3994 secludere
572 3938 668 4009 possis.
710 3937 825 3992 Vetusta
842 3937 919 3991 lectio
937 3933 1094 4002 Inicientas¹
1114 3951 1184 4003 quae
1201 3938 1226 3986 et
1243 3934 1307 4000 ipsa

138 4019 289 4084 mendum
315 4029 444 4095 tabebm,
471 4029 543 4097 quod
569 4033 660 4083 tamen
686 4028 745 4081 ciue
772 4026 896 4094 periculo
919 4025 980 4079 tolli
1000 4023 1123 4091 potuerit
1138 4065 1143 4077 .
1159 4020 1306 4085 incientes,

141 4095 248 4173 ‘fitam
267 4117 418 4184 mutiani,
437 4135 495 4172 uuo
513 4121 620 4172 tautum
640 4118 721 4171 litera
738 4132 772 4170 ee
786 4131 818 4169 ea
831 4113 950 4169 dictione
963 4110 1084 4167 sublato’
1107 4108 1244 4162 Victorius

146 4189 191 4280 {⁷
209 4209 309 4264 contra
323 4205 366 4260 illi
380 4206 409 4259 in
423 4205 543 4260 saltibus
557 4205 606 4273 qui
620 4207 740 4276 pascunt
759 4204 876 4259 Ursinus
930 4202 1027 4256 contra
1040 4199 1088 4253 ille
1104 4198 1195 4253 PAB
1209 4197 1307 4249 contra

147 4275 246 4351 llla„
316 4300 348 4348 18
368 4297 458 4350 crates
472 4312 519 4350 mc
533 4295 627 4365 grates
642 4296 731 4349 PAR
788 4299 818 4347 19
837 4289 980 4347 fanantA
1035 4291 1199 4355 caeteraque
1213 4285 1240 4339 V

151 4358 357 4451 1011gueenim
372 4385 399 4439 Β
453 4390 487 4438 21
507 4384 692 4456 hybernaeV
746 4383 783 4441 ab
797 4380 877 4437 stiuis
891 4382 919 4435 A
933 4396 1001 4435 corr.
1017 4378 1053 4434 ab
1068 4376 1163 4435 estiuis
1178 4376 1219 4430 ΑΞ
1273 4381 1307 4434 22

157 4448 359 4530 hibernabant
382 4475 409 4528 V
