3000 5026
156 70 220 136 168
647 67 833 124 VARRONIS

155 257 216 300 nou
244 246 304 299 tam
331 237 404 298 latas
431 237 555 317 hahent,
587 244 621 297 ut
647 238 679 296 iu
706 235 811 315 Apulia
838 246 869 297 et
895 236 925 297 id
953 254 1048 315 genus
1074 237 1221 319 praediis,
1247 257 1303 318 per

156 353 288 406 sartores
314 362 420 405 occare
447 343 558 423 solent,
586 345 688 422 siquae
711 346 742 403 iu
765 344 865 423 porcis
888 341 1009 405 relictae
1031 345 1209 423 grandiores
1231 353 1304 407 sunt

131 452 289 531 3glaebae.
335 469 393 530 qua
421 459 552 512 aratrum
580 469 698 512 vomere
725 451 859 511 lacunam
888 451 992 510 striam
1014 450 1099 532 fecit,
1125 451 1232 513 sulcus
1251 471 1302 513 ro

156 568 249 621 catur.
295 558 374 638 quod
394 567 440 620 est
459 559 537 619 iuter
555 558 631 618 duos
650 558 748 619 sulcos
766 557 841 618 elata
860 564 949 637 terra,
968 557 1080 619 dicitur
1097 576 1200 641 porca,
1221 559 1302 640 quod

156 685 191 727 ea
219 683 305 744 seges
336 665 519 726 frumentum
549 667 682 745 porricit.
728 667 771 726 sic
804 683 923 744 quoque
955 673 1022 726 exta
1054 665 1119 726 deis
1150 684 1222 728 cum
1252 666 1302 728 da·
1326 676 1437 727 z

156 772 242 853 bant,
265 773 417 852 porricere
440 771 586 833 dicebant.

71 879 149 939 XXX
249 874 386 940 Secundo
410 879 564 940 intervallo
585 882 663 939 inter
682 895 805 938 rernum
824 879 1044 957 aequinoctium
1063 886 1094 940 et
1112 879 1303 959 vergiliarum

158 996 295 1048 exortum
318 986 391 1046 haec
414 987 487 1047 lieri.
533 996 650 1065 segetes
673 987 810 1065 runcari,
832 984 955 1045 herbam
978 1004 995 1045 e
1019 985 1171 1065 segetibus
1194 1005 1302 1067 expur-

159 1095 232 1174 gari,
254 1092 344 1154 bores
364 1101 473 1154 terram
492 1094 694 1173 proscindcre,
713 1093 832 1153 salicem
851 1092 943 1170 caedi,
961 1100 1045 1171 prata
1062 1091 1193 1155 delendi
1227 1112 1304 1174 qnae

159 1203 314 1279 superiore
337 1208 471 1280 tempore
494 1202 560 1262 lieri
578 1203 744 1279 oportuerit
763 1207 794 1260 et
811 1218 870 1260 non
889 1207 960 1260 suut
977 1199 1121 1280 absoluta,
1143 1208 1304 1281 autequam

158 1326 290 1386 gemmas
316 1318 404 1386 agant
430 1327 464 1369 ac
492 1307 651 1368 florescere
678 1309 834 1386 incipiant,
861 1307 939 1387 lieri,
968 1307 1061 1388 quod,
1083 1309 1112 1368 si
1133 1326 1213 1387 quac
1234 1308 1304 1371 lolia

158 1418 277 1476 mittere
296 1415 392 1477 solent
410 1423 478 1477 ante
497 1414 635 1474 frondere
654 1415 840 1494 inceperunt,
857 1415 958 1475 statim
972 1413 1009 1475 ad
1023 1415 1185 1476 serendum
1198 1415 1305 1477 irlouea

160 1540 219 1582 non
242 1530 320 1583 sunt.
366 1522 460 1582 oleam
484 1523 544 1582 seri
567 1524 803 1601 interputarique
827 1528 953 1599 oportet.

57 1625 150 1686 Xlllll
248 1628 349 1689 Tertio
369 1629 522 1690 intervallo
541 1631 620 1689 inter
639 1629 826 1708 vergiliarum
846 1636 982 1689 exortum
1001 1636 1031 1689 et
1050 1628 1214 1691 solstitium
1230 1629 1305 1692 haec

158 1737 222 1796 fleri
251 1735 368 1797 debent
414 1739 514 1797 vincas
541 1735 671 1797 novellas
698 1735 800 1796 lodere
827 1743 878 1796 aut
901 1754 985 1796 arare
1008 1744 1038 1797 et
1061 1743 1165 1816 postea
1187 1755 1305 1818 occare,
1385 1785 1474 1820 ,q

229 1960 246 2008 3
269 1961 326 2023 qua
348 1954 474 2009 aratrum
496 1953 569 2008 Non.
592 1969 620 2022 p.
640 1957 689 2020 61,
708 1957 744 2007 17
815 1958 833 2006 4
856 1953 932 2021 quod
954 1952 999 2007 est
1020 1952 1094 2009 iuter
1116 1953 1189 2008 duos
1211 1953 1483 2010 00100-Βο

159 2041 398 2112 00101301

230 2138 263 2187 11
285 2132 316 2186 01
332 2133 432 2201 postea
450 2149 548 2187 occare
565 2132 639 2187 Non.
655 2148 684 2200 p.
705 2135 750 2197 61,
767 2134 807 2187 24

231 2343 245 2390 1
269 2336 392 2406 praediis
410 2336 469 2392 aa
492 2335 601 2406 praem
625 2335 651 2390 v
725 2342 741 2389 2
765 2337 886 2390 sartores
902 2294 998 2389 'aaa
1019 2351 1088 2390 sorr.
1111 2336 1248 2394 statores
1265 2337 1487 2395 1-212

158 2429 300 2483 satoreso
380 2432 396 2480 3
419 2425 520 2494 glebae
544 2425 571 2478 V
643 2424 713 2478 fecit
736 2424 825 2478 VAB
846 2423 915 2478 facit
932 2424 1044 2478 Nonius
1062 2441 1093 2493 p.
1113 2429 1159 2493 61,
1177 2431 1217 2483 18
1288 2436 1346 2479 b..
1468 2432 1484 2480 5

157 2514 275 2586 porricit
302 2515 440 2570 Victorias
468 2519 493 2568 et
519 2514 552 2568 in
578 2515 702 2584 marpine
724 2515 753 2568 P
772 2511 893 2583 porrigit
915 2512 1008 2567 PAB
1029 2529 1098 2570 corr.
1121 2515 1244 2584 porricit
1265 2514 1483 2571 ιε’

157 2603 314 2674 porrigato
387 2610 403 2657 6
422 2601 564 2673 porrigere
584 2601 674 2657 VAB
692 2619 761 2658 corr.
780 2603 919 2672 porricere
934 2601 975 2656 1²
988 2599 1011 2656 c'
1030 2603 1171 2671 porricere
1184 2604 1220 2659 in
1231 2619 1480 2661 erar-ntr-

156 2695 220 2765 pinc
238 2694 385 2763 adscripsit
404 2692 452 2748 P.
469 2692 558 2747 ‘Exta
576 2691 641 2746 Deis
659 2709 723 2746 cum
742 2691 856 2760 dabant,
874 2690 1013 2760 porricere
1032 2691 1166 2748 dicebant
1180 2734 1188 2748 .
1201 2693 1254 2752 ste
1271 2707 1478 2750 βω

156 2784 268 2853 inpendo
291 2783 435 2837 nnendcni
453 2803 460 2835 ε
479 2786 561 2837 antea
584 2783 655 2836 enim
681 2781 838 2850 Porripere‚
862 2785 987 2849 corrupte
1009 2781 1173 2850 tepebatnr.
1198 2782 1475 2840 Vates-‘es

157 2878 247 2928 antem
266 2872 396 2926 librarios
413 2872 463 2924 100
482 2871 576 2925 literas
594 2875 758 2925 commutare
775 2870 881 2936 solitos,
898 2870 1073 2936 manifestam
1090 2875 1130 2926 est
1144 2912 1151 2925 .
1166 2870 1473 2929 adsummi

157 2963 188 3015 in
212 2962 313 3029 optimo
335 2960 484 3029 aoemplari
507 2959 620 3026 Grates,
643 2964 669 3013 ct
691 2957 864 3027 Alagriores‚
886 2974 938 3027 pro
962 2957 1069 3027 Gratm,
1091 2964 1117 3013 et
1133 2959 1466 3023 maceras,

156 3051 288 3118 scriptam
307 3065 374 3104 esse:
392 3053 417 3104 et
435 3054 531 3104 contra
550 3047 687 3115 Virculta,
705 3053 731 3102 et
748 3047 869 3116 Fricora,
884 3064 938 3116 pro
961 3048 1099 3118 Virpalta,
1116 3053 1143 3104 et
1160 3045 1460 3122 asymam’

163 3138 300 3193 Victorias

229 3233 245 3281 8
265 3227 334 3282 haec
352 3227 412 3281 fieri
430 3227 492 3281 AB
514 3226 651 3281 Victorias
667 3225 739 3280 haec
756 3225 817 3280 fieri
835 3224 939 3280 debent
958 3225 985 3279 V
1053 3225 1169 3281 herbam
1187 3243 1205 3282 e
1223 3235 1448 3300 seg-Or·

156 3316 232 3371 tibus
261 3314 410 3386 expurgari
438 3315 534 3369 delevit
566 3314 682 3370 Ursinus
697 3357 703 3369 .
716 3316 832 3382 sortasse
858 3313 888 3367 id
916 3316 960 3368 est
981 3314 1098 3369 herbam
1120 3331 1176 3387 sqq.
1279 3312 1442 3370 ’210

157 3405 313 3475 oportuerit
328 3404 419 3457 PAR
438 3403 599 3472 oportuerat
612 3421 628 3458 v
701 3411 733 3458 11
755 3402 851 3468 ‘Quod
869 3401 894 3457 si
913 3419 984 3471 quae
1003 3402 1073 3459 lolia
1085 3403 1220 3462 amittere
1235 3449 1243 3462 .
1256 3394 1435 3462 [fia

157 3495 245 3547 loeson
262 3493 379 3558 restitui,
399 3496 476 3559 recte,
493 3497 525 3546 nt
537 3493 636 3560 opinor
646 3515 653 3548 ι
663 3498 696 3548 nt
708 3499 798 3549 autem
810 3493 924 3559 facilins
937 3493 1061 3547 indicari
1068 3494 1169 3563 possit,
1186 3500 1427 3553 edere-‘¹¹⁸

158 3582 310 3646 lectionem,
331 3581 446 3636 maltam
464 3599 483 3636 a
497 3583 666 3655 pernnlpato
683 3583 893 3651 discrepantem,
911 3583 1050 3650 adponam
1064 3604 1071 3636 :
1086 3580 1167 3647 Quod
1185 3585 1212 3639 si
1232 3586 1419 3656 qnffle

156 3669 226 3724 folia
244 3669 355 3726 mittere
374 3670 465 3725 solent
479 3673 545 3726 ante
558 3670 688 3726 frondere
702 3670 860 3740 inciperunt
875 3671 971 3725 statim
985 3671 1019 3724 ad
1035 3670 1186 3726 serendum
1200 3673 1413 3731 idone-22

157 3775 213 3814 nou
244 3761 310 3815 sunt
325 3802 331 3816 .
348 3760 474 3816 Primam
499 3761 634 3831 syllabam
661 3761 805 3827 indefinito
832 3762 946 3829 tempori
969 3761 1124 3815 addendam
1145 3765 1259 3832 mmm,
1305 3755 1408 3806 '⁶‘

151 3866 206 3919 pro
225 3850 344 3918 Mittere,
364 3850 496 3907 Amitterc
513 3850 700 3905 scribendnm'
723 3849 859 3904 Victorias
950 3854 982 3903 12
1002 3848 1167 3920 inceperunt
1184 3852 1216 3906 B
1233 3833 1401 3907 iuozi·

155 3940 257 4006 parunt
271 3941 327 3993 ΡΑ
346 3939 554 4009 incoeperinto
627 3975 629 3981 ,

230 4033 262 4080 14
280 4026 368 4082 tercio
388 4028 415 4081 A
505 4027 669 4098 uergilirum
687 4026 715 4080 A
807 4027 962 4082 solsticium
982 4028 1010 4082 Β
1101 4026 1394 4101 1001000105·-8

157 4129 255 4168 occare
274 4114 303 4168 id
321 4117 364 4169 est
382 4116 571 4171 comminuere
584 4118 697 4172 Nonius
709 4135 740 4186 p.
755 4122 802 4184 61,
820 4120 858 4172 25
878 4118 907 4170 01
924 4117 1024 4186 postca
1042 4133 1140 4172 occare
1160 4120 1190 4173 et
1204 4112 1391 4190 postest

158 4201 345 4258 comminuere
365 4204 456 4258 PAB
475 4208 504 4261 et
520 4207 619 4276 postea
638 4222 734 4263 occare
753 4208 783 4261 et
800 4203 899 4261 deindo
918 4206 1139 4261 comminueres
