3000 5026
188 329 254 395 234
644 362 646 369 .
681 326 867 382 nannents

188 497 274 557 modo
301 496 428 576 exempli
451 516 540 557 causa
563 496 668 556 dicam.
713 497 813 573 porcis
836 492 1015 553 lactentibus
1039 494 1065 552 si
1088 495 1185 555 scrofa
1208 495 1254 555 lac
1275 513 1336 556 uon

187 611 284 683 potest
313 604 517 683 suppeditare,
546 605 679 664 triticum
708 603 828 662 frictum
857 601 922 660 dari
950 607 1067 680 oportet
1090 593 1231 695 (eropum
1255 605 1337 664 enim

187 710 274 771 solvit
297 703 406 794 alvom)
431 710 476 770 vel
498 709 643 770 hordeum
668 710 746 770 obici
769 727 803 768 ex
829 727 919 787 aqua,
944 706 1037 785 quaad
1062 708 1134 770 fiant
1157 711 1337 771 trimestres,

138 818 226 878 aare
251 836 375 878 numero
398 819 428 877 in
453 825 572 877 centum
598 835 665 877 sues
689 817 791 877 decern
817 832 917 875 verres
941 817 1012 874 satis
1036 833 1100 875 esse
1125 824 1244 895 putant:
1271 819 1338 897 qui·

186 926 252 986 dam
277 926 363 984 etiam
388 924 457 984 hinc
482 924 613 983 demunt.
655 941 760 1001 greges
785 921 957 999 [maiorum]
982 923 1184 1001 inaequabiles
1208 923 1338 1006 habent3
1365 946 1378 984 5

186 1032 238 1092 sed
263 1050 317 1109 ego
341 1031 490 1091 modicum
514 1038 586 1108 puto
611 1031 829 1090 centenarium:
858 1028 970 1108 aliquot
992 1031 1120 1090 maiores
1144 1030 1270 1111 faciunt,
1293 1033 1337 1091 ita

186 1148 219 1199 ut
247 1146 293 1198 ter
321 1139 545 1217 quinquagenos
575 1137 709 1197 habeant.
757 1154 916 1215 porcorum
945 1154 1065 1214 gregem
1095 1137 1144 1197 alii
1173 1137 1338 1217 duplicant,

187 1245 236 1306 alii
268 1247 356 1305 etiam
394 1247 535 1305 maiorem
572 1245 693 1305 iaciunt.
748 1246 845 1303 minor
882 1261 954 1321 grex
987 1261 1075 1321 quam
1109 1247 1202 1304 maior
1235 1246 1337 1305 minus

186 1360 394 1431 sumptuosus,
427 1352 505 1429 quod
539 1353 662 1412 comites
696 1350 840 1412 subulcus
871 1351 1027 1429 pauciores
1056 1353 1181 1429 quaerit.
1232 1353 1336 1430 itaque

185 1461 283 1538 gregis
312 1472 469 1519 numerum
498 1466 600 1537 pastor
627 1458 663 1518 ab
693 1476 745 1518 sua
770 1457 897 1518 utilitate
922 1459 1090 1538 constituit,
1119 1476 1179 1518 non
1203 1465 1237 1518 nt
1251 1466 1337 1537 quot
1352 1479 1377 1516 ro

184 1584 285 1625 verres
309 1565 428 1628 habeat:
452 1565 481 1626 id
506 1568 584 1625 enim
608 1565 645 1624 ab
669 1572 774 1625 natura
799 1564 985 1626 sumendum.

158 1671 181 1730 V
280 1672 358 1732 Haec
381 1672 438 1732 hic.
485 1680 513 1733 at
536 1672 664 1742 Quintus
683 1671 831 1732 anienns
855 1679 987 1752 senator,
1009 1672 1097 1731 homo
1121 1673 1257 1750 quamvis
1279 1671 1336 1732 hu·

185 1797 290 1839 manus
317 1798 351 1839 ac
381 1782 514 1860 iocosnS,
546 1782 704 1860 introiens,
732 1778 883 1839 familiaris
908 1780 1038 1838 omnium
1063 1787 1213 1859 nostrum,
1243 1779 1335 1858 Syne-

184 1888 311 1965 pirotae,
339 1888 448 1966 inquit,
476 1886 619 1967 χαίρετε,
644 1896 674 1948 et
697 1886 858 1946 Varronem
883 1893 1032 1965 nostrum,
1055 1887 1166 1965 inquit,
1189 1880 1334 1964 ποιμένα

184 1990 290 2071 λαῶν,
321 1993 452 2054 Scrofam
476 1997 556 2054 euim
584 2014 668 2055 mane
693 1994 824 2054 salutari.
871 1992 944 2054 Cum
968 1992 1042 2052 alius
1066 2010 1134 2052 eum
1158 1991 1327 2073 salutasset,
1346 2010 1372 2048 15

184 2099 258 2160 alius
291 2102 475 2161 conviciatus
504 2112 600 2180 esset,
635 2104 686 2180 qni
719 2111 777 2161 tam
807 2119 873 2161 sero
901 2101 1031 2192 venisset
1060 2098 1095 2158 ad
1124 2101 1331 2181 constitutum,

183 2206 294 2267 Videbo
317 2211 374 2268 iam
398 2227 459 2289 vos,
482 2210 588 2288 inquit,
613 2208 789 2288 balatrones,
814 2216 843 2268 et
866 2186 929 2266 hocv
943 2205 1073 2266 adieram
1093 2224 1192 2266 meum
1212 2208 1329 2267 corium

256 2386 268 2430 1
293 2380 385 2446 porcis
403 2381 482 2436 Brnc
506 2387 529 2434 et
555 2383 650 2435 addito
667 2381 691 2447 i,
715 2386 747 2433 ut
769 2381 888 2444 videtin,
912 2379 1104 2432 alteramenta
1121 2377 1149 2429 A
1169 2393 1269 2447 porcos
1291 2381 1331 2433 eet

184 2482 266 2533 poros
288 2466 316 2517 P
386 2468 556 2522 lactentibus
574 2470 623 2522 boe
642 2469 698 2522 loco
722 2468 810 2521 VAB
882 2466 905 2520 si
925 2466 1000 2521 crota
1019 2467 1046 2519 A
1118 2467 1250 2520 saluom
1272 2467 1331 2521 PA

184 2553 278 2606 aluum
297 2556 344 2609 Bo
418 2573 452 2610 ex
470 2573 543 2624 aqna
561 2589 594 2596 -
614 2573 706 2611 verres
724 2558 755 2610 tn
773 2557 897 2624 margine
914 2556 1018 2623 eerr'pta
1036 2555 1068 2607 in
1081 2554 1109 2606 A
1164 2556 1256 2623 quaad
1272 2556 1330 2609 ΡΒ

183 2643 274 2711 quoad
289 2644 337 2697 Ar
410 2652 426 2698 t
445 2663 545 2715 greges
564 2645 702 2701 maiorum
718 2646 810 2699 PAB
829 2661 928 2713 greges
952 2644 1101 2698 maiorese
1120 2659 1222 2713 greges
1241 2645 1329 2698 maia-

182 2730 251 2784 lium
273 2732 427 2788 Pontedera
444 2752 476 2803 p.
500 2739 556 2789 427
627 2733 817 2803 inaequabiles
841 2733 901 2788 AB
924 2733 1084 2801 inaequales
1107 2731 1134 2785 V
1202 2731 1329 2788 6111οά1-

183 2835 246 2872 cum
269 2820 323 2873 VB
342 2821 456 2875 modum
475 2821 502 2875 A
583 2822 692 2891 aliquot
710 2822 828 2876 maiores
847 2839 863 2876 c
882 2820 999 2888 aliquod
1017 2819 1135 2875 maiores
1154 2821 1243 2875 PAB

182 2907 285 2963 fatiunt
307 2910 335 2962 A
408 2916 423 2964 't
447 2912 490 2965 ter
516 2914 731 2981 superscriptam
753 2912 785 2965 in
803 2910 830 2964 A
902 2916 918 2963 9
942 2909 1017 2977 quod
1038 2908 1154 2963 comites
1179 2908 1237 2962 VB
1253 2910 1330 2978 quod

182 2998 256 3065 qnod
272 2999 383 3054 eomitit
396 3017 464 3055 corr.
481 3031 514 3039 -
531 3001 567 3055 tis
582 3003 608 3054 A
665 3006 697 3054 10
717 3001 752 3055 ab
771 3017 821 3054 sua
839 2999 962 3054 utilitate
977 2999 1004 3053 A
1019 2999 1054 3053 ab
1069 3015 1147 3052 suam
1162 2998 1289 3052 utilitate
1305 2999 1334 3052 P

182 3103 200 3138 a
221 3104 271 3140 sua
294 3087 417 3142 utilitate
435 3090 463 3142 Β
483 3091 519 3142 ad
538 3107 616 3143 suam
636 3089 824 3201 Ulilllalemv
913 3105 970 3143 non
988 3088 1020 3141 ut
1038 3089 1107 3155 quot
1124 3104 1219 3141 uerres
1239 3106 1255 3142 v
1275 3105 1331 3143 non

650 3173 680 3200 110

182 3211 214 3261 ut
237 3210 311 3275 quod
335 3229 427 3266 narres
448 3213 506 3266 PB
528 3230 585 3266 non
607 3174 649 3267 utq
663 3230 756 3268 uerres
775 3214 803 3267 A
826 3231 881 3268 non
903 3212 972 3268 item
991 3214 1060 3281 quot
1077 3228 1170 3266 uerres
1192 3211 1331 3267 Ganuenta

291 3304 322 3352 11
352 3300 456 3354 habeat
484 3302 539 3355 VB
566 3301 690 3370 habeant
712 3303 740 3357 A
766 3301 890 3356 habeant
912 3320 938 3356 m
1045 3301 1081 3354 ab
1109 3303 1210 3355 natura
1234 3300 1296 3356 PA
1313 3317 1331 3354 a

181 3387 281 3440 natura
298 3388 347 3442 Bo

254 3481 286 3527 12
311 3477 341 3529 at
364 3478 511 3544 quintusv
535 3477 570 3530 ad
593 3478 706 3545 quintus
726 3478 817 3532 PAB
909 3485 941 3532 13
963 3479 1090 3532 nostrum
1112 3470 1330 3546 superscriptum

180 3565 212 3618 ire
229 3564 257 3617 B
349 3565 397 3617 Sin
421 3563 546 3633 epirotae
569 3571 594 3619 et
616 3569 648 3621 ire
665 3568 788 3637 marytre
807 3567 829 3620 c’
850 3567 1056 3634 torquerentur
1075 3566 1103 3621 Ρ
1123 3564 1278 3635 sinepirote
1301 3564 1329 3618 A

181 3653 224 3705 sin
257 3655 390 3721 epyrotae
421 3653 450 3706 Β
483 3655 527 3708 Sic
559 3654 683 3724 epirotae
715 3675 739 3712 e.
794 3657 892 3711 ‘Vetus
924 3658 1000 3710 lectio
1033 3654 1221 3724 Sinepirotae:
1259 3671 1329 3724 quoe

178 3757 300 3808 paruum
323 3742 424 3794 uitium
446 3743 543 3795 babuit
556 3763 564 3793 :
579 3759 627 3796 nee
647 3745 719 3800 ettad
742 3746 887 3800 librarium
909 3745 1056 3811 fefellerat,
1085 3745 1213 3813 quemuis
1235 3743 1328 3797 tollere

179 3845 237 3882 nort
268 3830 400 3896 potuisset
418 3850 426 3882 :
444 3832 535 3884 mendi
565 3832 635 3885 enim
667 3840 760 3888 cotom
791 3835 963 3902 adposuerat.
1012 3831 1156 3902 Contigerat
1187 3837 1259 3887 recte
1285 3835 1328 3896 (at

181 3919 290 3985 opinor)
307 3919 524 3988 conquaeritur?
541 3918 679 3975 Victorius
734 3926 767 3974 14
781 3921 873 3989 inquit
887 3922 997 3991 χαίρετε
1013 3938 1028 3974 a
1043 3920 1135 3989 inquit
1145 3921 1259 3975 charete
1270 3922 1325 3976 ΡΒ

179 4007 276 4075 inquid
292 4007 320 4061 di
336 4009 340 4076 Ι
357 4008 495 4076 charecte,
513 4010 560 4063 sed
574 4010 607 4063 cb
619 4016 714 4079 postea
728 4012 759 4064 ire
772 4012 895 4080 margine
909 4012 999 4065 eadem
1015 4027 1100 4064 necare
1115 4011 1286 4079 adscriptum
1299 4012 1325 4064 A

179 4095 272 4165 inquit
295 4098 471 4152 dichaerectc
494 4115 521 4152 m
591 4101 707 4166 fortasse
729 4098 854 4154 Scrofam
879 4099 952 4153 enim
977 4102 1006 4153 et
1024 4101 1177 4153 Varronem
1197 4102 1322 4155 nostrum

179 4186 300 4255 ποιμένα
327 4188 403 4240 λαῶν
427 4203 508 4241 mane
533 4187 654 4243 salutavi
727 4193 759 4241 15
783 4189 880 4258 inquid
900 4190 1049 4258 posteriore
1072 4190 1129 4243 loco
1150 4186 1208 4240 PA
1233 4188 1322 4257 inquit

179 4280 292 4343 retroque
315 4277 371 4331 Ioco
394 4275 443 4329 Bo
515 4273 636 4344 ποιμένα
660 4278 735 4330 λαῶν
762 4277 789 4330 V
807 4277 1009 4346 poemenalaon
1034 4276 1102 4343 AB,
1167 4281 1199 4328 16
1229 4276 1318 4330 conui-

180 4359 270 4414 ciatns
296 4364 353 4415 ΡΒ
383 4363 551 4417 conuitiatus
575 4364 623 4419 Ae
703 4370 734 4418 17
759 4365 852 4433 inquit
879 4365 1037 4420 balatrones
1060 4365 1088 4417 B
1119 4363 1218 4432 inquid
1246 4366 1317 4420 bala,

181 4453 275 4505 trones
290 4451 316 4504 A
336 4450 429 4518 inquit
446 4451 625 4508 balathrones
645 4454 672 4507 V
739 4453 794 4509 hoe
813 4455 936 4509 adferam
950 4455 1010 4507 AB
1029 4455 1083 4510 hoc
1101 4453 1216 4509 afferam
1234 4456 1261 4510 V
