3000 5026
188 331 253 394 314
679 329 863 385 VARRONIS

140 502 178 559 31
193 517 259 558 aere
283 501 473 579 perterritae,
503 518 561 584 quo
586 498 686 591 “EQ-¹¹²
710 498 888 579 perducere,
912 515 971 557 non
995 497 1081 575 longe
1105 497 1173 556 inde
1198 497 1336 558 oblinunt

188 604 319 665 erithace
343 613 431 683 atque
456 608 584 683 apiastro
608 608 776 684 ceterisque
800 606 900 685 rebus,
924 604 1033 683 quibus
1053 603 1248 664 delectantur.
1283 603 1335 664 ubi

188 711 401 792 consederunt,
432 711 570 771 adierunt
593 711 688 771 alvum
715 711 835 789 [prope]
862 712 971 770 eisdem
997 710 1105 771 inliciis
1129 710 1229 770 elliam
1253 713 1335 771 intus

189 827 217 878 et
245 836 337 896 prope
367 818 499 895 adposita
528 818 609 877 sumo
639 817 699 876 leni
727 817 910 877 circumdato
939 826 1049 895 cogunt
1073 837 1122 878 eas
1146 820 1272 878 intrare:
1303 826 1336 879 ut

190 944 247 1004 qua
272 927 301 984 in
322 943 426 984 novam
446 923 590 984 coloniam
611 943 678 984 cum
699 926 886 1004 introierunt,
910 933 1086 1002 permanent
1105 925 1178 984 adeo
1197 924 1336 1003 libenter,
1364 937 1377 977 ⁵

189 1039 222 1091 ut
246 1033 333 1090 etiam
358 1032 383 1089 si
402 1033 565 1108 proximam
585 1033 721 1110 posueris
741 1030 817 1090 illam
839 1030 944 1109 alvum,
968 1031 1046 1091 unde
1066 1034 1213 1112 exierunt,
1237 1041 1335 1092 tamen

189 1158 264 1212 novo
289 1137 438 1198 domicilio
462 1139 562 1216 potius
586 1139 645 1197 sint
669 1145 833 1197 contentae.

140 1251 181 1307 32
282 1245 365 1314 Quod
390 1244 425 1303 ad
449 1246 599 1322 pastiones
623 1247 772 1323 pertinere
798 1262 863 1303 sum
887 1252 978 1325 ratus,
1004 1247 1142 1322 quoniam
1162 1244 1232 1323 dixi,
1255 1263 1337 1304 nunc

188 1353 259 1425 iam,
288 1354 395 1430 quoius
424 1351 581 1411 adhibetur
604 1369 637 1410 ea
662 1369 746 1430 cura,
773 1351 932 1410 defructu
957 1349 1061 1412 dicam.
1108 1352 1336 1413 eximendorum

189 1460 321 1519 favorum
346 1461 463 1537 signum
489 1465 609 1518 sumunt
634 1477 668 1516 ex
693 1460 805 1536 ipsis*
829 1459 903 1517 uiris
927 1457 1006 1517 alvos
1030 1457 1137 1517 habeat
1167 1477 1235 1518 nem
1264 1470 1381 1519 con-1⁰

189 1567 363 1643 germinarit
386 1568 586 1626 coniecturam
611 1568 740 1644 capiunt,
764 1567 790 1625 si
813 1567 893 1625 intus
918 1565 1031 1625 iaciunt
1053 1563 1194 1644 bombum
1216 1572 1337 1627 etcum

188 1673 266 1731 iutro
295 1681 368 1732 eunt
396 1692 429 1733 ac
458 1653 555 1751 laras,
578 1671 739 1750 trepidant,
768 1680 797 1731 et
827 1670 879 1748 [si]
908 1671 1047 1749 opercula
1072 1671 1168 1731 alvum
1193 1691 1262 1731 cum
1288 1691 1336 1732 re—

185 1781 291 1858 moriS,
320 1780 345 1838 si
373 1779 505 1838 favorum
534 1779 676 1838 foramina
705 1778 832 1839 obducta
862 1778 999 1838 videntur
1023 1779 1119 1839 mellis
1143 1778 1338 1860 membranis,

139 1894 257 1951 33cum
282 1887 342 1945 sint
365 1885 471 1964 repleti
494 1884 588 1945 melle.
625 1888 655 1944 in
680 1885 835 1945 exinrendo
862 1886 980 1963 quidam
1005 1886 1108 1946 dieunt
1131 1892 1272 1965 oportere
1297 1889 1338 1947 ita

186 2000 220 2051 ut
253 2011 357 2052 novem
393 2000 493 2070 partes
528 1991 644 2073 tollere,
678 1992 831 2052 decumam
866 1992 1049 2070 relinquere:
1083 1993 1162 2071 quod
1192 1995 1217 2052 si
1246 2000 1381 2053 omne1⁵

257 2212 273 2271 9
293 2216 502 2271 eximendorum
521 2216 648 2272 favorum
666 2232 777 2288 peopou.
798 2217 860 2269 XV
876 2222 893 2271 5

259 2438 272 2484 1
300 2431 403 2500 §terite
428 2447 497 2484 corr.
521 2431 654 2498 perterite
673 2430 701 2484 A
723 2430 855 2499 proterite
879 2448 905 2485 m
984 2437 999 2485 2
1029 2429 1152 2485 erithace
1175 2431 1237 2486 AB
1261 2431 1338 2486 erhi-

186 2520 268 2574 thace
290 2519 317 2571 P
340 2518 502 2573 rhithaeeo
589 2519 758 2588 caeterisque
783 2519 809 2571 V
893 2527 908 2573 3
933 2519 1064 2574 adferunt
1082 2521 1109 2573 A
1133 2519 1255 2575 afferunt
1280 2520 1339 2574 VB

274 2606 377 2660 eisdem
394 2607 544 2661 Jucuuclus
565 2606 676 2660 easdem
700 2607 757 2661 VB
775 2607 886 2662 easdem
906 2626 975 2663 corr.
996 2610 1093 2663 eedem
1112 2608 1140 2662 A
1229 2606 1337 2663 inlieiis

186 2697 282 2750 elitam
311 2696 371 2749 AB
402 2692 506 2747 inliciis
538 2696 567 2748 et
599 2695 678 2748 litam
706 2696 734 2749 P
758 2694 853 2749 illiciis
881 2696 983 2749 illitam
1011 2712 1027 2749 o
1118 2703 1135 2750 4
1163 2697 1297 2766 apposita
1320 2715 1338 2752 o

77 2808 80 2813 ·
184 2783 331 2854 appositae
349 2784 408 2838 ΡΒ
425 2782 534 2853 aposita
552 2781 580 2836 A
653 2783 824 2839 circumdato
843 2785 871 2838 Β
890 2785 1050 2839 circundata
1070 2785 1097 2838 V
1113 2786 1216 2840 circum
1234 2789 1239 2855 Ι
1256 2788 1294 2843 do
1309 2789 1335 2841 A

133 2872 352 3009 wixrcueundo
376 2890 405 2943 nc
492 2874 524 2926 ut
550 2889 607 2940 qua
625 2872 713 2927 PAB
737 2875 824 2943 utque
846 2875 883 2928 o'.
898 2875 1015 2941 fortasse
1038 2891 1109 2944 qnae
1201 2881 1217 2928 t
1247 2875 1338 2932 intro·

771 2976 787 3004 u

184 3014 277 3110 ieiuni
301 3016 358 3071 VA
377 3015 534 3071 introierint
552 3015 580 3068 Β
652 3022 668 3069 6
688 3016 806 3070 exierint
823 3016 852 3069 Β

208 3114 219 3183 p
274 3111 290 3158 9
319 3103 418 3172 quoius
447 3103 596 3158 adhibetur
625 3104 680 3156 VA
704 3120 758 3171 quo
786 3105 829 3158 ius
858 3104 988 3160 adibetur
1009 3106 1036 3159 B
1067 3105 1145 3159 cuius
1174 3122 1260 3161 cauae
1287 3109 1336 3162 ad·

184 3190 297 3247 hibetur
321 3195 462 3247 Iucuucdus
554 3199 586 3246 10
616 3192 714 3246 ‘Vetus
742 3193 830 3260 lectio,
859 3194 900 3246 Ex
928 3193 995 3263 ipsis
1023 3191 1091 3246 uiris
1119 3195 1199 3251 aluos
1228 3197 1337 3252 hebeat

185 3300 248 3337 uem
268 3282 466 3352 regerminant
488 3282 661 3347 coniectura,
685 3286 732 3335 etc.
771 3283 821 3336 Ita
842 3284 873 3336 iu
897 3284 1002 3336 cunctis
1024 3286 1242 3353 manuscriptis
1266 3289 1337 3343 miro

185 3356 316 3445 couserasu
343 3371 451 3440 lepitur’
485 3371 621 3426 Victorius
711 3370 814 3424 habeat
841 3389 904 3424 nem
934 3371 1150 3441 congerminarit
1173 3376 1201 3430 B
1230 3377 1337 3432 habeat
1379 3403 1381 3406 ·

185 3450 340 3514 nomicum
368 3457 532 3526 germinarit
555 3459 582 3511 A
610 3458 716 3511 habent
743 3457 772 3510 et
799 3472 861 3509 nem
886 3459 1159 3526 congerminauerint
1179 3464 1207 3517 P
1229 3465 1336 3520 lrabeat

184 3565 250 3602 num
263 3548 340 3629 ‘prum
368 3545 568 3615 germineuerit
590 3563 616 3599 ru
639 3546 762 3599 habeant
784 3545 877 3599 etuti
901 3548 1207 3616 congerminauerinto
1303 3561 1335 3611 12

187 3636 234 3690 ‘Et
256 3636 280 3691 n
304 3634 436 3705 opercula
458 3635 517 3689 alui
535 3652 598 3688 oum
616 3635 725 3688 remota
745 3634 808 3688 sint.
846 3633 972 3703 Antiqua
991 3638 1067 3691 lectio
1087 3642 1335 3713 maculosucuiur

185 3726 267 3781 etiarn
299 3725 372 3778 uitiu
404 3729 532 3777 accurato
565 3724 681 3778 librario
712 3724 822 3794 capuita
847 3723 953 3789 fuerint
967 3747 974 3779 :
988 3742 1053 3779 uum
1080 3733 1173 3783 uotam
1200 3733 1240 3786 ud
1267 3749 1332 3801 cum,

186 3829 267 3883 quoru
294 3814 372 3877 solet,
399 3813 536 3880 adposuit.
583 3812 630 3866 Sic
656 3813 743 3883 ipitur
770 3813 802 3866 iu
825 3814 926 3880 priscis
954 3814 1044 3882 libris,
1079 3815 1116 3870 tlt
1146 3817 1171 3870 si
1199 3821 1331 3889 opercula

186 3902 281 3956 aluum
306 3919 367 3955 cum
392 3900 560 3956 remoreissi’
585 3901 747 3955 Victorius.
768 3904 797 3955 et
819 3902 950 3969 opercula
974 3902 1069 3957 aluum
1093 3923 1157 3960 cum
1181 3909 1328 3966 remotioris

186 3991 209 4045 si
228 3990 352 4062 Scaliper
427 3991 522 4045 aluum
545 4007 608 4044 cum
632 3988 789 4045 remoreissi
811 3989 939 4046 fanorum
960 3992 1020 4046 ΡΒ
1042 3994 1222 4057 oleumcum
1243 4017 1327 4055 remo-

185 4081 238 4135 reis
266 4080 304 4135 sit
326 4083 406 4150 (corr.
431 4080 471 4134 sic
493 4086 525 4135 ut
546 4081 664 4148 videtur)
689 4096 804 4143 auorum
822 4081 969 4155 Abeluum
992 4100 1054 4136 cum
1078 4087 1233 4142 remoreris
1255 4090 1323 4144 iano

185 4188 247 4224 rum
264 4187 291 4224 m
310 4169 366 4223 elui
384 4164 448 4225 tim
468 4171 576 4223 remota
594 4169 651 4223 sint
668 4168 825 4223 fauormnu
899 4174 932 4223 13
950 4172 1108 4228 menbranis
1121 4174 1149 4229 A
1226 4175 1320 4233 lteri·

185 4259 267 4312 medo
287 4258 314 4311 A
373 4257 416 4312 ita
434 4260 465 4311 ut
483 4260 573 4312 omisit
592 4259 739 4313 Iucundos
800 4263 831 4311 15
851 4270 950 4312 nouem
970 4262 1067 4327 (nones
1085 4279 1156 4318 corr.
1178 4297 1210 4305 -
1232 4284 1276 4321 em
1291 4263 1320 4331 A)

185 4347 280 4416 partes
299 4346 360 4401 AB
379 4347 416 4399 IX
435 4349 530 4415 partes
555 4348 581 4399 V
650 4349 795 4401 decumam
816 4346 906 4402 PAR
926 4347 1097 4405 decimumo
1171 4371 1255 4411 omne
1279 4354 1381 4412 rn-

188 4450 297 4490 omnem
317 4435 377 4489 AB
397 4451 491 4489 omnes
510 4438 665 4492 Beroaldus
