3000 5026
630 320 785 376 CATONIS

228 490 305 551 CXII
327 490 421 549 Boves
445 491 490 549 uti
513 486 627 548 valeant

228 596 317 658 CXIII
342 596 448 657 Vinum
472 595 597 656 familiae
620 613 674 673 per
697 595 825 654 hiemem
849 595 901 674 qui
925 601 1026 653 utatur

228 702 332 764 CXIIII
356 701 413 772 Qui
436 719 505 779 ager
530 720 545 760 a
568 702 643 760 mari
667 700 774 781 aberit,
797 700 840 760 ibi
858 703 958 760 vinum
978 718 1116 778 graecum
1136 703 1179 760 sie
1194 701 1282 760 saoito

228 810 301 872 CXV
324 809 424 888 Aquae
448 809 578 868 mariuao
603 808 789 868 conciunatio

228 916 315 977 CXVI
339 916 403 987 Quo
426 914 508 975 labra
532 914 678 974 doliorum
702 912 904 994 circumimus,
927 895 961 975 ut
984 914 1060 975 bone
1084 915 1204 974 odorata
1224 916 1285 973 sint
1312 925 1325 964 ⁵

229 1023 330 1085 CXVII
354 1022 462 1082 Vinum
485 1023 512 1081 si
535 1020 614 1081 voles
638 1023 768 1100 experiri
792 1021 969 1081 duraturum
993 1023 1031 1082 sit
1055 1040 1148 1082 necne

228 1128 342 1189 CXVIII
365 1130 472 1191 Vinum
491 1146 629 1208 asperum
649 1127 726 1206 quod
743 1129 800 1188 erit
815 1128 880 1187 lene
896 1135 926 1187 et
940 1145 1029 1187 suave
1044 1129 1070 1187 si
1084 1125 1164 1187 voles
1179 1127 1285 1207 faeere,

366 1236 437 1316 quId
461 1237 552 1296 facias

229 1342 356 1405 CXVIIII
379 1342 415 1403 Vt
434 1342 555 1401 odorem
571 1341 679 1401 malum
695 1342 805 1400 eximas
820 1341 856 1400 de
872 1341 952 1426 vino,
976 1339 1048 1419 quid
1063 1340 1160 1399 faeere
1177 1339 1286 1400 debeas

229 1448 305 1517 CXX
330 1448 362 1508 Si
389 1447 469 1508 voIes
498 1449 575 1506 seire
594 1448 695 1506 vinum
715 1464 821 1525 aquam
840 1446 946 1506 habeat
965 1463 1067 1526 neone,
1092 1446 1163 1524 quid
1188 1447 1285 1507 Iacere
1303 1457 1328 1496 10

325 1556 432 1616 debeas

228 1662 320 1724 CXXI
343 1661 450 1722 Vinum
473 1678 561 1720 coum
585 1662 611 1720 si
634 1660 714 1720 voles
738 1661 849 1741 Iacere,
874 1680 901 1739 q.
925 1680 950 1720 a.
973 1679 1011 1720 m.
1036 1659 1125 1719 iacias

230 1769 334 1831 CXXII
357 1768 463 1828 VInum
488 1769 667 1828 concinnare
691 1775 724 1828 ut
748 1768 843 1827 alvum
868 1766 975 1827 bonam
999 1767 1089 1826 facias

230 1874 347 1936 CXXIII
370 1872 403 1934 In
426 1863 527 1934 vinum
552 1881 685 1934 mustum
709 1875 819 1933 veratri
838 1876 894 1933 atri
908 1872 1093 1951 mampulum
1108 1873 1230 1952 minim,
1255 1879 1290 1935 ut

159 2062 167 2070 ἡ
370 1981 477 2041 bonam
501 1981 596 2055 aqum
620 1981 709 2041 sanias
1304 1989 1329 2028 15

229 2088 359 2151 CXXIIII
383 2088 491 2149 Vinum
514 2088 549 2148 ad
574 2087 671 2147 alvum
694 2087 867 2147 movendam
891 2106 950 2166 quo
974 2086 1061 2147 modo
1086 2087 1175 2147 Iaoias

229 2196 329 2257 CXXV
354 2195 386 2255 Si
407 2195 511 2256 lentim
534 2212 653 2253 servare
672 2196 725 2274 vis,
749 2194 820 2273 quId
845 2194 941 2254 Iacere
965 2194 1073 2254 debeas

159 2302 164 2312 '
230 2301 344 2363 CXXVI
368 2301 455 2362 Oleae
480 2300 562 2361 albae
587 2319 645 2379 quo
669 2300 755 2360 modo
781 2301 957 2361 condiantur

229 2408 357 2470 CXXVII
381 2408 482 2469 Oleum
505 2407 600 2468 albam
624 2425 712 2485 quam
731 2407 895 2468 seeundum
910 2409 1088 2469 vindemiam
1106 2408 1159 2488 [si]
1175 2412 1220 2470 uti
1237 2411 1290 2489 vio,

377 2535 403 2594 q.
423 2535 447 2576 a.
467 2535 504 2575 m.
529 2514 649 2575 condias
1303 2524 1329 2572 2⁰

230 2622 371 2684 CXXVIII
394 2623 549 2703 Epityrum
568 2621 667 2682 album
686 2623 804 2700 nigrum
823 2625 996 2703 variumque
1012 2643 1039 2702 q.
1054 2643 1078 2683 a.
1093 2641 1131 2684 m.
1146 2641 1182 2683 ex
1201 2623 1288 2684 oIivIs

398 2731 487 2790 facias

144 2889 290 2897 ——.—.
298 2889 355 2896 ...-

216 2998 231 3046 2
251 2991 372 3046 hiemem
391 2991 418 3044 A
437 2990 566 3060 hyemem
588 2989 630 3045 Va
707 2995 724 3043 4
742 2988 918 3045 concinnatio
944 2989 986 3043 Vc
1006 2988 1159 3043 continebo
1178 2990 1205 3043 A

141 3087 157 3136 6
178 3080 326 3135 oironbnas
345 3080 372 3133 A
464 3086 478 3133 'I
497 3077 602 3133 Vinum
620 3095 750 3148 asperum
769 3078 844 3147 quod
863 3077 916 3132 erit
935 3079 997 3132 lene
1016 3080 1045 3131 ei
1063 3095 1149 3132 annue
1168 3079 1192 3132 si
1210 3078 1289 3133 uoles

140 3172 231 3225 facere
247 3169 298 3238 (εἰς
312 3171 390 3224 uoles
403 3168 508 3237 facereq
524 3171 547 3237 e)
562 3167 630 3234 quid
643 3165 732 3220 facias
746 3167 794 3221 Ac
803 3168 883 3234 Vico,
898 3169 948 3222 ubi
962 3171 990 3222 ei
1003 3184 1086 3222 suane
1101 3169 1143 3222 bis
1156 3168 1306 3236 sumptum.

141 3265 166 3312 et
181 3260 275 3327 priore
293 3259 350 3312 Ioco
368 3258 483 3313 deletum
501 3262 539 3311 eat
557 3257 588 3309 iu
602 3256 638 3325 A,
658 3255 760 3308 Vinum
779 3271 908 3326 aspemm
922 3257 997 3324 quod
1016 3258 1069 3311 erib
1083 3257 1145 3311 lene
1161 3258 1190 3311 eb
1204 3273 1288 3311 suane

142 3399 166 3452 si
184 3399 263 3453 uoles
277 3397 368 3453 faeere
384 3372 467 3466 dubbi
481 3397 569 3452 facias
581 3397 608 3450 P
624 3396 728 3453 Vinum
742 3416 871 3469 asperum
885 3400 947 3454 lene
961 3399 1046 3454 fieriu
1121 3405 1152 3453 12
1168 3418 1194 3467 q.
1210 3417 1235 3454 a.
1251 3417 1287 3455 m.

141 3540 228 3596 facias
252 3540 336 3606 Vico,
359 3506 460 3606 Iugum*
484 3537 571 3594 facias
590 3541 617 3594 A
640 3557 725 3608 qnam
741 3523 835 3595 'facias
853 3541 881 3594 P
901 3541 1136 3609 quemadmodum
1158 3540 1247 3597 facias
1266 3561 1287 3612 c,

141 3647 192 3687 om.
210 3648 226 3684 u
300 3635 332 3683 13
347 3627 451 3682 Vinum
470 3628 633 3684 concinnare
652 3631 684 3683 ui
702 3630 797 3683 aluum
817 3629 916 3699 (alium
930 3630 968 3698 A)
988 3631 1090 3684 bonam
1108 3630 1195 3686 facias
1212 3631 1288 3685 PAc

142 3719 246 3774 Vinum
261 3719 285 3772 si
297 3717 377 3782 uoles
397 3716 561 3775 concinnare
580 3719 617 3773 ad
635 3718 760 3772 aluumo
834 3725 867 3772 14
881 3719 912 3771 Iu
927 3717 1024 3772 uinum
1042 3722 1164 3775 mustum
1182 3719 1287 3774 ueratri

142 3808 200 3862 aori
223 3805 397 3875 manipulum
420 3805 523 3862 coicias
551 3809 583 3861 ub
606 3807 708 3862 bonam
731 3807 825 3862 aIuom
847 3806 933 3862 faoiuo
959 3808 993 3875 P,
1022 3825 1072 3864 ona.
1096 3826 1111 3863 u
1183 3808 1287 3864 ueratri

143 3897 197 3950 atri
208 3897 286 3962 Vici„
306 3895 409 3950 ueratri
423 3896 482 3951 aeri
496 3897 523 3950 A
541 3914 609 3951 uere
625 3894 682 3950 aori
696 3897 785 3964 spatae
796 3912 951 3964 paucarum
971 3899 1124 3952 litterarum
1141 3904 1202 3967 pust
1221 3917 1288 3954 uera

141 3987 266 4041 relicino
337 3985 510 4056 manipulum
528 3987 555 4038 A
633 3990 665 4038 15
684 3986 787 4039 bonam
806 3985 898 4039 aIuom
917 3987 944 4038 A
963 3987 1065 4041 bonam
1084 3988 1169 4042 alnon
1193 4005 1208 4042 e

144 4080 176 4129 18
193 4075 291 4131 Oleum
310 4075 403 4131 albam
422 4092 506 4144 quam
525 4075 677 4130 secundum
695 4073 866 4128 uindemiam
885 4074 908 4128 si
926 4074 969 4129 ubi
982 4075 1025 4129 uis
1043 4095 1069 4144 q.
1084 4093 1108 4130 a.
1125 4095 1159 4130 m.
1180 4078 1288 4146 (quem-

142 4166 292 4219 admodum
320 4166 344 4232 ο)
368 4165 481 4244 condias
508 4164 585 4218 PAe
612 4163 710 4217 Oleum
737 4163 831 4217 elbam
859 4164 1010 4218 seeundum
1038 4166 1208 4221 uindemiam
1233 4184 1288 4235 qua

142 4252 259 4306 uturisv
332 4258 365 4305 21
381 4252 530 4320 Epityrnm
545 4253 709 4322 (Epytyrum
723 4252 780 4319 Ae)
799 4252 894 4306 album
913 4253 1025 4322 nigrum
1044 4251 1152 4307 uarium
1167 4272 1192 4323 q.
1209 4271 1234 4309 a.
1250 4273 1287 4310 m.

143 4338 388 4407 (quemadmodum
411 4343 435 4406 c)
459 4357 493 4394 ex
515 4340 598 4395 oliuis
620 4340 708 4396 facias
726 4341 868 4409 ΔΝΜ,
897 4341 1042 4413 Epityrum
1061 4343 1156 4398 album
1174 4344 1288 4416 nigrum

143 4426 251 4482 uarium
271 4428 526 4498 (aequimanus)
546 4430 574 4483 P
590 4430 737 4502 Epiiymm
756 4431 852 4484 album
870 4431 979 4500 nigrum
999 4434 1026 4488 ei
1045 4432 1152 4487 uarium
1170 4451 1187 4488 o
