3000 5026
366 328 497 384 RERVM
515 329 752 385 avaricanvu
770 329 838 384 LIB.
858 330 897 386 III
917 326 935 382 9
1171 331 1235 395 291

92 498 186 577 plura.
236 499 380 576 optimum
413 515 479 557 esse
506 505 623 576 partum
652 500 695 558 od
722 499 909 577 aequinoctio
937 514 1028 557 verno
1056 497 1091 557 ad
1120 505 1233 558 autum·
1267 503 1285 560 9

93 605 166 667 nale.
213 607 313 684 itaque
342 622 416 683 quae
444 613 512 664 ante
541 611 592 664 aut
619 613 686 684 post
715 611 781 665 nata
809 611 880 664 sunt
908 611 939 664 et
966 606 1068 664 etiam.
1083 606 1179 682 prima
1202 623 1238 664 eo

92 720 236 790 tempore,
258 729 317 770 noo
338 711 543 792 supponenda,
563 719 593 771 et
612 730 646 771 ea
666 728 740 790 quae
760 710 898 792 subicias,
916 713 1016 790 potius
1031 710 1135 772 vetulis
1150 729 1238 791 quam

91 818 234 898 pullitriS,
263 826 292 877 et
321 835 396 897 quae
424 824 520 877 rostra
549 826 600 877 aut
629 836 743 896 ungues
773 837 832 878 non
859 818 987 879 habeant
1015 825 1130 898 accitos,
1162 836 1237 897 quae

64 925 202 986 edebant
234 925 333 1003 potius
365 927 396 984 in
429 925 623 1004 concipiendo
656 932 816 1003 occupatae
850 943 915 985 esse
943 944 1031 1004 quam
1059 924 1236 986 incubando.

91 1033 326 1112 adpositissimac
346 1032 380 1091 ad
400 1038 518 1108 partum
538 1038 608 1092 sunt
627 1031 780 1092 anniculae
799 1039 850 1093 aut
868 1031 973 1092 bimae.
1005 1033 1031 1092 si
1050 1050 1102 1091 ova
1117 1031 1234 1110 gallinis
1245 1036 1285 1092 10

90 1140 236 1218 pavonina
258 1137 395 1217 subicias,
417 1157 484 1198 cum
504 1141 561 1198 iam
581 1139 684 1199 decem
703 1138 766 1199 dies
784 1139 885 1210 ¹lovere
905 1141 1011 1219 coepit,
1031 1146 1093 1199 tum
1108 1138 1236 1218 denique

89 1246 243 1326 gallinacia
272 1245 422 1327 subicere,
451 1255 483 1306 nt
512 1264 569 1306 una
599 1246 732 1306 excudat.
779 1245 941 1324 gallinaciis
970 1247 1049 1306 enim
1077 1244 1167 1323 pullis
1190 1244 1236 1304 bis

90 1353 160 1414 deni
183 1353 248 1413 dies
272 1370 346 1430 opus
370 1360 449 1433 sunt,
472 1355 625 1430 pavoninis
649 1361 696 1412 ter
719 1354 833 1412 noveni.
868 1373 918 1414 eas
937 1352 1090 1414 includere
1110 1360 1235 1433 oportet,

49 1469 123 1521 1out
151 1460 230 1520 diem
261 1467 290 1519 et
314 1468 431 1520 noctem
455 1458 610 1540 incubent,
639 1467 847 1539 praeterquam
873 1457 916 1537 [a]
941 1477 1025 1519 mane
1050 1470 1080 1520 et
1103 1478 1235 1538 vespere,

88 1567 158 1627 dum
189 1565 274 1626 cibus
297 1585 330 1627 ac
354 1568 435 1644 potio
458 1567 496 1624 iis
519 1565 614 1625 detur.
656 1573 777 1626 curator
800 1573 917 1644 oportet
941 1567 1103 1627 circumeat
1126 1565 1281 1627 diebusll

88 1675 275 1752 interpositis
305 1673 417 1752 aliquot
445 1691 479 1732 ao
509 1680 622 1733 vertere
651 1691 718 1752 ova,
751 1680 784 1732 ut
812 1672 1005 1752 aequabiliter
1033 1673 1234 1734 concaleliant.

87 1800 142 1840 ova
170 1779 257 1858 plena
290 1782 349 1839 sint
382 1788 470 1858 atque
504 1778 586 1840 utilia
614 1797 720 1859 necne,
749 1779 943 1841 animadverti
970 1783 1054 1840 aiunt
1080 1798 1181 1861 posse,
1210 1783 1235 1841 si

86 1888 244 1947 demiseris
267 1889 297 1946 in
322 1905 441 1966 aquam,
469 1885 547 1965 quod
572 1887 658 1946 inane
682 1893 776 1966 natet,
805 1886 925 1965 plenum
949 1887 1065 1947 desidit.
1112 1889 1177 1967 qui,
1201 1895 1235 1948 ut

47 2010 72 2052 15
87 1994 145 2054 hoc
174 1993 358 2075 intellegant,
391 1994 575 2073 concutiant,
604 2011 719 2074 errare,
748 1994 827 2073 quod
857 1992 986 2071 [inanes]
1017 1994 1118 2054 vitales
1145 2013 1234 2055 venas

87 2100 272 2162 confundant
299 2104 329 2160 in
358 2103 403 2160 iis.
449 2100 528 2160 idem
554 2101 650 2180 aiunt,
678 2101 805 2160 eumad
830 2100 929 2160 lumen
954 2100 1126 2180 sustuleris,
1155 2102 1233 2179 quod

86 2207 253 2288 perluceat,
280 2209 310 2268 id
339 2226 404 2268 esse
434 2206 498 2284 [ob]
527 2209 622 2266 inane.
670 2209 731 2299 qui
743 2206 816 2294 haec
839 2207 942 2294 VQl
965 2208 1077 2290 diutius
1101 2210 1280 2293 serrarqli

86 2315 252 2401 periripaot
276 2315 336 2402 sale
361 2316 475 2409 mimrto
499 2323 549 2375 aut
572 2317 668 2374 muria
691 2323 753 2374 tres
777 2322 827 2375 aut
851 2323 991 2393 quattuor
1013 2314 1115 2395 horas,
1140 2333 1232 2394 eaque

162 2580 176 2625 1
200 2574 236 2629 ab
259 2580 322 2629 oute
340 2573 517 2641 aequinoctio
536 2591 586 2630 om.
609 2575 711 2642 VAB,
733 2577 796 2631 odd.
821 2576 938 2630 Ursinus
1008 2553 1079 2630 usito
1099 2576 1126 2630 A
1198 2576 1234 2629 ad

86 2663 250 2718 autumnale
275 2663 413 2717 Victorius
433 2663 468 2716 ab
488 2663 645 2717 autumnali
664 2665 724 2718 AB
747 2664 782 2719 ab
806 2664 968 2720 euctunnoli
997 2665 1023 2718 V
1128 2672 1144 2718 2
1169 2668 1233 2719 ante

85 2754 139 2807 aut
169 2755 235 2823 post
262 2753 321 2806 Am
349 2754 433 2807 antea
459 2754 491 2805 ut
518 2754 583 2820 post
609 2753 637 2805 B
665 2755 748 2806 antea
777 2755 826 2806 aut
854 2755 919 2822 poet
951 2754 977 2806 V
1083 2761 1099 2807 3
1132 2771 1232 2824 suppo-

85 2841 180 2896 nenda
213 2841 269 2895 VB
297 2839 478 2907 subponende
506 2841 532 2891 A
622 2846 638 2892 4
671 2839 795 2906 pullitris
826 2841 884 2894 PA
911 2841 1049 2909 pullistris
1074 2843 1100 2895 B
1128 2840 1232 2911 pulles-

85 2933 138 2987 tris
157 2949 181 2985 o.
220 2930 327 2984 ‘Potius
346 2922 450 2982 uetulia
469 2945 553 2996 quam
573 2926 725 2997 pollestris,
746 2931 774 2983 et
793 2945 866 2997 quae
885 2932 974 2984 rostra
993 2934 1043 2984 aut
1055 2947 1164 2999 ungues
1180 2935 1231 2985 etc.

85 3021 129 3073 Iu
147 3019 252 3073 excusis
271 3024 352 3072 outeo
371 3018 452 3071 aliter
470 3018 606 3086 tepebutur
621 3037 627 3069 :
642 3018 700 3085 ipse
713 3034 761 3085 ope
775 3023 943 3073 uetustoruru
957 3021 1079 3074 codicum
1092 3021 1134 3072 ito
1147 3037 1231 3073 emou-

85 3109 164 3163 daui.
180 3138 213 3147 -
234 3107 324 3162 Vuum
342 3113 432 3160 tomou
451 3113 490 3162 est
502 3109 534 3161 iu
548 3111 636 3161 uetere
649 3108 797 3175 scripturo,
815 3108 887 3175 quod
900 3110 1075 3175 maculosum,
1094 3109 1232 3176 depraua-

86 3203 196 3268 tumque
223 3198 287 3251 olim
314 3198 468 3253 iudicatum
496 3200 534 3250 est
548 3217 556 3247 :
570 3201 663 3250 uotum
690 3197 761 3250 cuitu
794 3198 947 3264 adpositum
974 3197 1066 3263 tabet,
1098 3197 1231 3264 Pullitris,

86 3292 178 3342 nutem
200 3288 231 3340 id
254 3291 303 3351 est,
329 3287 401 3354 quod
422 3302 475 3354 pro
494 3286 642 3354 pollestris
664 3286 696 3339 iu
720 3287 834 3354 autiquo
856 3288 990 3355 scriptum
1012 3287 1061 3341 est'
1095 3287 1233 3341 Victorius

141 3446 212 3498 quae
232 3428 336 3483 debent
355 3428 411 3482 VB
430 3427 479 3497 qui
497 3411 601 3482 debent
613 3429 641 3481 A
696 3434 712 3482 6
731 3427 957 3508 adpositissimae
971 3389 1190 3499 Padpdiissime
1204 3431 1231 3482 A

87 3517 312 3589 appositissimee
331 3518 359 3571 B
384 3516 546 3586 aptissimae
564 3535 610 3571 mo
684 3517 720 3571 ad
739 3518 852 3586 partum
871 3515 937 3571 sunt
956 3517 1012 3572 VA
1030 3521 1095 3572 sunt
1113 3518 1149 3572 ad
1168 3535 1230 3586 par·

86 3608 148 3660 tum
172 3608 200 3661 Β
273 3604 383 3659 anicule
406 3604 465 3659 Aru
521 3607 697 3676 'lpauonina
720 3606 777 3660 VB
800 3606 921 3674 panonia
940 3607 998 3661 Am
1052 3608 1148 3662 decem
1171 3607 1231 3661 dies

87 3747 242 3822 gallinaciu
266 3695 430 3818 (gallinulmB
454 3749 602 3817 gallinatia
620 3750 657 3817 A)
682 3717 776 3802 fouere
801 3749 894 3819 eoepit
913 3750 1000 3819 (cepit
1018 3750 1055 3820 A)
1074 3752 1135 3804 tum
1154 3749 1230 3804 deni-

88 3856 141 3908 que
166 3837 291 3893 subioere
313 3838 405 3891 PAB
428 3837 523 3892 decem
548 3838 608 3892 dies
632 3837 789 3907 gallinacea
807 3838 901 3894 fouere
921 3839 1091 3909 coepitium
1111 3840 1230 3908 denique

88 3926 225 3982 subiicere
244 3945 260 3981 o
314 3935 330 3983 8
354 3924 512 3997 gallinaciis
534 3926 623 3981 PAB
642 3928 805 3997 gallinaceis
824 3946 839 3982 o
894 3936 910 3982 9
930 3929 1032 3983 nonani
1056 3931 1111 3985 VB
1129 3945 1230 3984 nouem

87 4023 118 4071 ut
131 4018 239 4072 uidetur
253 4016 281 4069 A
338 4022 369 4070 10
383 4019 578 4085 praeterquam
593 4033 675 4070 mane
690 4019 837 4072 Iucundos
892 4025 923 4070 11
939 4017 1016 4086 potio
1030 4018 1090 4070 AB
1104 4021 1187 4086 potus
1207 4018 1233 4071 V

140 4105 176 4159 iis
196 4106 277 4159 detur
292 4106 319 4159 B
332 4106 355 4158 ie
371 4105 452 4160 detur
466 4106 522 4159 ΡΑ
536 4106 580 4159 his
596 4108 706 4160 deturo
762 4112 794 4160 12
814 4105 1009 4160 cumcalefiant
1022 4106 1049 4159 A
1102 4111 1134 4158 14
1147 4106 1229 4159 inane

86 4198 166 4251 nutet
187 4194 245 4247 PB
268 4193 369 4248 lunone
393 4196 472 4248 natet
490 4195 517 4247 A
540 4193 623 4248 inane
647 4197 727 4250 natet
749 4213 765 4249 o
836 4194 949 4263 plenum
974 4195 1075 4248 desidit
1094 4195 1149 4247 PB
1171 4195 1228 4263 ple·

85 4283 199 4339 numsit
209 4281 321 4349 desidit,
335 4284 380 4337 sed
390 4282 549 4337 sitdeieturu
558 4285 584 4336 A
599 4285 712 4353 plenum
727 4283 836 4338 desedit
849 4302 865 4338 a
921 4287 953 4337 15
968 4283 1129 4338 concutient
1140 4283 1230 4338 PAB

86 4373 250 4429 concutiunt
268 4389 284 4426 u
376 4378 408 4426 16
426 4373 599 4427 confundent
616 4374 677 4427 AB
695 4372 869 4426 confundunt
891 4373 918 4425 V
1002 4379 1034 4428 17
1054 4388 1164 4428 seruare
1183 4390 1230 4430 mu

86 4462 192 4520 seruari
213 4462 270 4515 PB
290 4466 314 4517 et
331 4478 390 4516 uuo
408 4462 500 4516 littero
518 4467 581 4516 oute
598 4462 623 4517 ri
642 4463 728 4517 deletu
746 4462 774 4520 A
