3000 5026
205 336 269 399 132
700 333 885 389 VARRONIS

204 505 244 564 sit
271 505 302 563 in
330 503 454 563 colendo
482 520 536 561 nos
565 502 682 582 docete,
715 519 763 561 ars
790 501 820 560 id
848 520 884 561 an
914 503 983 578 quid
1011 501 1103 579 aliud,
1136 509 1165 559 et
1193 519 1208 558 a
1238 499 1348 578 qrribus

205 610 375 671 carceribus
408 610 547 670 decurrat
579 609 615 669 ad
648 617 750 671 metas.
802 608 883 669 Stolo
916 627 983 668 cunr
1014 608 1177 685 aspexisset
1205 606 1349 687 Scrofam,

205 716 263 797 Tu,
286 719 392 796 inquit,
417 727 446 777 et
470 723 565 776 aetate
589 717 754 776 ethonore
778 723 808 776 et
831 717 954 775 seientia
978 713 1057 792 quod
1081 720 1223 793 praestas,
1247 713 1349 772 dicere

205 823 304 883 debes.
350 822 401 882 llle
425 842 484 882 non
504 830 650 903 gravatus,
674 823 815 901 Primum,
838 824 943 901 inquit,
967 798 1131 880 non'modo
1151 830 1197 880 est
1215 838 1273 900 ars,
1298 820 1351 880 sed

206 931 296 990 etiam
320 932 486 989 necessaria
510 948 543 990 ac
567 949 685 1010 magua3
709 949 801 1008 eaque
826 937 872 989 est
895 930 1027 1009 scientia,
1051 946 1126 1007 quae
1150 929 1259 988 sintin
1278 944 1351 1004 qrro-
1380 939 1393 978 5

207 1055 264 1115 que
288 1055 358 1115 agro
383 1036 508 1097 serenda
531 1055 565 1097 ao
589 1037 734 1117 facienda,
763 1054 897 1115 quaeque
927 1045 1005 1095 terra
1034 1036 1176 1094 maximos
1205 1030 1353 1112 perpetuo

139 1140 189 1199 llll
209 1142 313 1203 reddat
346 1143 470 1203 fructus.
522 1146 586 1204 eius
620 1146 766 1223 principia
800 1153 870 1203 sunt
902 1142 1018 1222 eadem,
1051 1160 1125 1220 quae
1153 1140 1257 1200 mundi
1286 1158 1354 1200 esse

208 1248 322 1310 Ennius
342 1250 455 1329 scribit,
474 1269 558 1332 aqua,
578 1260 666 1331 terra,
686 1253 781 1310 anima
801 1259 831 1311 et
849 1249 901 1310 sol.
947 1249 1019 1309 haec
1039 1249 1118 1308 enim
1138 1247 1355 1328 cognoscenda,

208 1358 382 1434 priusquam
414 1358 504 1416 iacias
537 1360 661 1437 semina,
694 1357 773 1436 quod
801 1359 919 1417 initium
947 1357 1098 1416 fructuum
1127 1357 1231 1415 oritur.
1282 1354 1355 1414 hinc

208 1463 336 1540 profecti
364 1463 510 1541 agricolae
539 1464 573 1524 ad
603 1465 677 1525 duas
706 1474 799 1524 metas
827 1464 955 1542 dirigere
984 1463 1106 1543 debent,
1134 1461 1169 1522 ad
1194 1460 1356 1523 utilitatem
1372 1473 1398 1512 10

209 1575 239 1628 et
268 1568 455 1647 voluptatem.
502 1570 615 1630 utilitas
644 1574 760 1650 quaerit
783 1572 927 1651 fructum,
955 1569 1089 1648 voluptas
1113 1568 1358 1628 delectationem:

183 1677 327 1754 ipriores
350 1683 450 1754 partes
473 1680 532 1755 agit
556 1678 633 1755 quod
659 1678 730 1738 utile
754 1685 807 1758 est,
832 1696 918 1757 quam
934 1677 1018 1761 ,quod
1039 1676 1173 1736 delectat.
1219 1693 1358 1735 necnon

209 1800 341 1860 eaquae
365 1784 478 1844 faciunt
501 1784 617 1845 cultura
641 1784 841 1846 honestiorem
865 1803 981 1864 agrum,
1005 1783 1146 1862 pleraque
1174 1765 1234 1840 non
1257 1781 1358 1841 solum

210 1890 439 1950 fructuosiorem
473 1891 575 1951 eadem
604 1892 728 1972 faciunt,
761 1899 794 1951 ut
822 1910 889 1952 cum
919 1893 949 1951 in
979 1891 1112 1950 ordinem
1142 1896 1212 1949 sunt
1240 1890 1359 1948 consita

209 1994 330 2055 arbusta
353 2004 442 2075 atque
466 1997 585 2078 oliveta,
614 1998 664 2058 sed
689 2001 777 2058 etiam
802 1998 1025 2058 vendibiliorem
1049 2003 1137 2075 atque
1161 1995 1298 2056 adiciunt
1320 1995 1358 2055 ad
1375 2006 1400 2046 1⁵

209 2102 295 2162 fundi
323 2105 460 2181 pretium.
507 2123 594 2181 nemo
623 2108 701 2183 enim
730 2105 832 2187 eadem
856 2104 975 2188 utilitati
1000 2121 1069 2189 uma
1087 2103 1247 2192 formosius
1260 2102 1359 2191 guod

118 2300 121 2306 Ι
150 2259 154 2269 ,
185 2210 260 2283 3οε1
283 2227 382 2285 emere
403 2210 514 2301 mauult
532 2211 635 2292 pluris,
659 2215 804 2303 quamsi
818 2211 1058 2293 est-,fructuosus
1082 2211 1187 2292 turpis.
1234 2209 1359 2270 utilissi-

211 2333 278 2375 mus
301 2323 400 2376 autem
424 2319 449 2376 is
473 2336 543 2396 ager
568 2320 620 2396 qui
642 2318 789 2378 salubrior
812 2327 858 2378 est
881 2336 969 2397 quam
994 2316 1052 2395 alii,
1075 2315 1220 2395 quod-ibi
1238 2316 1361 2377 fruetus

211 2429 325 2503 certus3
359 2432 462 2483 contra
494 2424 572 2502 quod
606 2426 636 2484 in
669 2424 819 2504 pestilenti
846 2424 1009 2505 calamitas,
1043 2425 1176 2503 quamvis
1203 2425 1236 2483 in
1265 2424 1361 2484 feraci

212 2548 295 2609 agro,
324 2529 461 2590 colonum
489 2530 525 2590 ad
558 2532 674 2592 fructus
706 2534 863 2610 pervenire
895 2550 955 2603 nou
987 2531 1108 2610 patitur.
1159 2531 1271 2589 etenim
1307 2529 1401 2591 ubis

150 2675 153 2680 -
212 2637 287 2696 ratio
311 2655 380 2696 cum
403 2656 473 2697 orco
496 2637 636 2719 habetur,
664 2639 707 2698 ibi
730 2657 788 2699 non
812 2639 899 2699 modo
923 2639 1039 2699 fructus
1063 2644 1110 2697 est
1132 2639 1281 2718 incertus,
1305 2636 1360 2697 sed

213 2745 301 2802 etiam
325 2744 485 2804 colentium
508 2746 575 2804 vita.
622 2765 713 2823 quare
736 2747 788 2807 ubi
811 2745 969 2806 salubritas
992 2763 1051 2806 non
1076 2751 1129 2825 est,
1156 2742 1274 2804 cultura
1299 2761 1361 2804 non

286 2993 319 3041 19
338 2990 435 3043 eontra
452 2990 527 3058 quod
545 2990 574 3043 in
592 2990 737 3060 pestilenti
757 2988 858 3044 Colum.
879 2990 900 3042 I
917 2993 943 3056 3,
961 2992 980 3044 2

215 3219 258 3272 sit.
305 3221 347 3272 Au
381 3220 447 3288 quid
480 3220 557 3273 aliud
577 3243 583 3273 :
603 3221 632 3272 et
663 3236 680 3272 a
712 3216 813 3286 quibus
846 3217 1002 3272 carceribus
1030 3218 1160 3273 decurrat
1186 3219 1222 3272 ad
1250 3221 1364 3274 metas?

215 3305 338 3360 Primum
371 3307 462 3377 inquit
487 3327 502 3362 o
536 3308 687 3361 discretum
715 3306 750 3359 de
778 3305 811 3359 iis
838 3306 919 3359 rebus
947 3305 1108 3374 dicendum,
1141 3324 1212 3374 quae
1241 3307 1365 3363 seientia

216 3396 264 3464 sil,
293 3399 321 3451 et
348 3397 414 3465 quid
443 3397 473 3450 in
500 3396 616 3451 colendo
644 3413 694 3450 nos
721 3395 816 3463 docet,
844 3412 888 3448 ars
916 3412 952 3449 an
981 3395 1031 3463 sit,
1059 3413 1095 3450 an
1120 3395 1188 3466 quid
1210 3395 1304 3465 aliud,
1334 3398 1365 3451 et

215 3505 232 3541 a
260 3487 359 3554 quibus
387 3486 544 3540 carceribus
572 3483 701 3539 decurrat
727 3485 763 3539 ad
787 3488 876 3539 metas
891 3526 897 3538 .
914 3485 991 3539 Stolo
1016 3502 1079 3539 cum
1101 3485 1257 3554 aspexisset
1279 3484 1364 3541 Sero-

216 3577 286 3642 fam,
318 3574 360 3628 Tu
387 3574 491 3642 inquit,
521 3575 549 3626 et
577 3574 683 3642 aetate,
717 3578 746 3628 et
774 3575 891 3640 honore,
921 3576 948 3627 et
977 3573 1094 3628 scientia
1121 3575 1195 3643 quod
1222 3577 1365 3644 praestas,

217 3664 309 3719 dicere
336 3663 427 3716 debes.
470 3660 520 3716 llle
543 3680 599 3716 non
621 3665 767 3732 grauatus,
798 3663 922 3716 Primum
944 3661 1036 3730 inquit
1057 3663 1202 3718 Iracundus
1274 3668 1305 3719 lt.
1318 3680 1365 3721 ars

217 3755 260 3806 est
279 3767 347 3806 eurr.
367 3752 410 3804 est
425 3766 470 3803 ars
484 3751 512 3805 B
584 3758 600 3805 6
619 3753 737 3806 serenda
751 3770 784 3806 ae
797 3751 926 3806 facienda
940 3753 1000 3806 AB
1015 3751 1132 3806 serenda
1147 3753 1176 3806 et
1188 3750 1322 3807 facienda
1340 3753 1367 3806 P

217 3840 337 3893 seranda
369 3841 397 3894 et
424 3838 555 3895 faciunda
582 3858 598 3894 0
631 3841 751 3895 seranda
784 3857 817 3894 ac
849 3838 981 3895 faciunda
1011 3841 1148 3896 Victorius
1234 3858 1365 3911 quaeque

216 3930 292 3983 terra
314 3946 331 3984 0
359 3945 486 3998 quaeque
509 3948 529 3997 u
556 3931 632 3984 terra
652 3931 680 3984 B
708 3945 779 3997 quae
803 3947 877 3997 aqua
899 3932 973 3983 terra
994 3931 1022 3982 P
1043 3947 1096 3998 que
1119 3932 1194 3983 terra
1212 3930 1273 3985 Am
1350 3937 1366 3987 8

217 4020 310 4075 anima
327 4022 357 4074 et
376 4019 417 4073 sol
436 4021 516 4074 ABe
536 4018 630 4072 anima
649 4018 690 4073 sol
704 4019 732 4072 P
803 4025 834 4071 12
854 4035 908 4073 non
929 4035 952 4085 e,
977 4034 1011 4072 ea
1024 4020 1052 4073 B
1126 4024 1158 4073 14
1176 4017 1368 4085 fructuosiora

217 4110 315 4164 eadem
334 4109 425 4165 PAB
444 4109 655 4164 fructuosiorem
675 4106 794 4160 eundem
812 4125 828 4160 0
900 4108 928 4161 in
949 4107 1121 4168 ordineAm
1194 4108 1323 4164 consiste
1341 4111 1367 4165 A

290 4205 322 4252 15
341 4200 426 4265 atque
451 4197 507 4253 VB
525 4199 615 4266 adque
631 4198 779 4266 posteriore
797 4198 853 4251 loco
872 4196 899 4249 A
971 4197 1116 4251 addiciunt
1129 4199 1157 4251 B
1232 4203 1266 4252 16
1286 4200 1366 4254 utili·

217 4289 271 4341 tati
294 4287 383 4340 PAB
410 4285 486 4340 utilit
506 4288 573 4341 teu
661 4292 692 4341 18
726 4287 831 4356 autem]
865 4287 914 4339 aut
936 4287 1003 4340 Am
1053 4282 1106 4340 ‘20
1133 4286 1261 4356 patiatur
1294 4306 1365 4345 0011.

218 4375 324 4444 patitur
342 4375 370 4427 A
433 4380 465 4427 21
486 4391 550 4429 orco
570 4377 598 4430 P
613 4375 697 4429 orello
717 4376 744 4429 B
763 4376 847 4428 orcho
870 4376 911 4428 eei
929 4376 1006 4442 orbo,
1024 4381 1055 4429 att
1073 4377 1188 4443 uidetur,
1207 4377 1236 4431 A
1256 4382 1322 4435 0110
1340 4397 1367 4434 aa

218 4463 303 4518 borco
322 4480 338 4517 0
410 4468 444 4518 22
463 4464 512 4518 ubi
530 4450 679 4518 salubritas
701 4496 731 4503 —
751 4462 828 4518 vitae
847 4465 878 4517 ire
896 4465 1019 4534 01009100
1037 4465 1140 4534 scripta
1158 4466 1190 4519 iu
1208 4468 1236 4519 A
