3000 5026
180 329 244 392 124
670 328 855 384 VARRONIS

178 515 241 556 eam
265 496 356 555 fuisse
381 503 577 573 opportunam
602 495 636 554 ad
661 495 818 555 colendum
843 514 930 573 quam
954 495 1067 576 Asiam,
1090 495 1221 574 primum
1245 498 1325 576 quod

178 605 273 663 estin
291 601 420 682 Europa,
440 602 571 663 secundo
591 602 670 680 quod
690 601 762 663 haec
782 604 975 680 temperatior
994 620 1063 680 pars
1082 620 1172 681 qnam
1190 605 1327 663 interior.

179 728 245 769 nam
273 711 355 770 intus
383 713 489 787 paene‘
503 711 701 787 sempiternae
725 708 851 789 hiemnr,
880 727 976 788 neque
1000 710 1122 783 mirum,
1152 709 1231 789 quod
1255 719 1328 770 sunt

178 817 315 894 regiones
343 818 422 875 inter
446 815 592 876 circulum
616 815 888 894 septemtrionalem
912 824 942 875 et
964 817 1043 875 inter
1067 815 1217 876 cardinem
1242 817 1328 898 caeli,

157 922 231 982 ,nbi
264 921 308 981 sol
341 925 430 982 etiam
463 941 514 982 sex
542 921 696 1006 mensibus
724 925 873 983 continuis
902 940 961 988 non
990 921 1115 985 videtur.
1166 925 1266 1003 itaque
1296 926 1329 985 in
1357 930 1371 968 ⁵

179 1047 289 1089 oceano
313 1031 344 1088 in
368 1048 401 1088 ea
426 1038 510 1107 parte
529 1048 566 1089 ne
586 1031 717 1107 navigari
737 1028 856 1108 quidem
876 1047 963 1106 posse
982 1027 1086 1089 dicunt
1104 1038 1228 1108 propter
1245 1050 1332 1092 mare

151 1134 375 1213 bcongelatum.
421 1135 601 1214 Fundanius,
625 1135 678 1196 Em
704 1135 745 1195 ibi
768 1143 799 1195 tu
829 1135 989 1213 quidquam
1018 1138 1099 1196 nasci
1127 1143 1215 1214 putes
1237 1155 1329 1215 posse

177 1251 228 1303 aut
256 1242 314 1302 coli
336 1240 460 1302 natum?
505 1260 607 1302 verum
632 1245 711 1302 enim
735 1251 781 1302 est
803 1242 875 1301 illud
900 1241 1022 1322 Pacuvi,
1050 1237 1107 1302 ‘s'ol
1130 1245 1156 1302 si
1180 1253 1328 1322 perpetuo

75 1428 81 1435 ἰ
177 1353 216 1410 sit
248 1357 300 1411 aut
327 1367 398 1424 nox,
431 1349 565 1408 llammeo
593 1344 712 1427 vapore'
742 1358 792 1408 aut
820 1348 930 1426 frigore
959 1356 1057 1409 terrae
1085 1349 1200 1410 tructos
1228 1353 1329 1411 omnis

176 1459 308 1517 interire.
355 1474 409 1533 ego
432 1455 493 1534 hic,
522 1455 574 1515 ubi
597 1474 654 1515 nox
679 1464 709 1515 et
732 1456 795 1516 dies
820 1455 934 1515 modice
959 1455 1036 1515 redit
1059 1465 1089 1515 et
1113 1455 1187 1537 abit,
1217 1464 1328 1538 tamen,
1343 1464 1371 1502 1⁰

177 1567 318 1624 aestivom
346 1563 424 1622 diem
453 1565 478 1621 si
507 1580 564 1622 non
594 1560 780 1622 diffinderem
809 1581 875 1621 meo
903 1564 1033 1622 insiticio
1062 1581 1166 1622 somno
1190 1565 1327 1646 meridie,

153 1674 279 1731 (ivivere
307 1689 366 1730 non
394 1687 521 1748 possem.
567 1666 627 1727 illic
655 1670 686 1727 in
715 1671 873 1728 semenstri
901 1669 948 1728 die
977 1677 1028 1729 aut
1055 1677 1141 1729 nocte
1175 1670 1326 1748 quemad

177 1778 297 1837 modum
322 1779 480 1855 quicquam
506 1777 564 1835 seri
589 1782 640 1835 aut
658 1774 788 1834 alescere
808 1784 859 1835 aut
876 1777 949 1835 meti
968 1772 1084 1853 possit?
1129 1784 1232 1836 contra
1253 1778 1327 1856 quid

175 1884 311 1944 initalia
340 1882 467 1944 utensile
496 1901 556 1941 non
584 1882 671 1942 modo
700 1900 759 1942 non
788 1884 933 1962 nascitur,
963 1882 1014 1942 sed
1043 1884 1133 1942 etiam
1157 1902 1216 1943 non
1240 1903 1328 1964 egre·

177 1994 257 2069 gium
286 1987 339 2050 fit?
376 1990 454 2068 quod
484 1990 527 2049 iar
556 1991 705 2050 conseram
735 1986 904 2066 Campano?
932 1989 1011 2066 quod
1039 1991 1172 2050 triticum
1203 1989 1328 2069 Apulo?
1344 1997 1370 2037 15

178 2097 256 2175 quod
280 2099 380 2156 vinum
405 2093 551 2156 Falerno?
575 2097 653 2175 quod
678 2095 776 2155 oleum
794 2092 942 2155 Venafro?
987 2114 1045 2155 non
1071 2096 1228 2158 arboribus
1255 2117 1327 2158 con·

174 2409 251 2478 Ibiq3
275 2411 384 2464 italiam
403 2409 430 2462 A
455 2409 602 2463 dicendum
626 2407 721 2477 ibique
740 2407 849 2462 italiam
864 2431 899 2455 ω
913 2409 941 2462 Β
960 2408 1079 2463 dicenda
1096 2409 1192 2481 ibique
1211 2410 1330 2468 italiam

91 2521 94 2528 ·
180 2499 217 2554 V.
228 2500 344 2565 fortasse
354 2498 509 2566 dicendum,
524 2497 565 2551 ibi
575 2496 743 2566 quodItalia
797 2500 1040 2566 lopportunumo
1055 2501 1221 2568 oportunam
1232 2503 1329 2557 PAB

246 2594 261 2641 2
282 2587 357 2656 quod
375 2589 418 2641 est
438 2586 467 2640 in
486 2601 591 2655 europa
604 2586 664 2640 But
683 2585 758 2654 quod
777 2587 821 2639 est
840 2602 944 2654 europa
967 2587 1022 2640 VA
1096 2594 1111 2642 3
1130 2605 1203 2658 pene
1228 2591 1256 2644 V

174 2678 289 2746 hyemes
310 2676 336 2729 V
396 2674 683 2744 4septemtrionalem
698 2674 726 2728 A
741 2674 987 2744 septentrionalem
1008 2676 1064 2731 VB
1123 2684 1283 2736 bocceano
1298 2683 1329 2734 Β

247 2772 261 2820 7
287 2782 331 2819 em
354 2764 394 2818 ibi
417 2766 449 2818 tu
478 2765 616 2819 Victorius
639 2763 764 2818 emobitu
787 2763 848 2817 AB
867 2762 968 2818 Emobi
990 2767 1021 2818 tu
1044 2772 1069 2820 et
1091 2768 1122 2821 in
1144 2771 1273 2839 murqiue
1296 2769 1329 2825 in

175 2854 289 2922 antiquo
308 2853 404 2924 glossa
422 2861 487 2908 nom
502 2853 569 2909 Loci
584 2855 612 2908 P
625 2854 665 2907 Εο
684 2852 725 2906 ibi
743 2855 806 2907 tuo
879 2851 1031 2922 quidquam
1046 2855 1108 2909 AB
1127 2855 1281 2926 quicquum
1303 2860 1332 2914 V

245 2945 327 3013 putas
344 2944 491 2998 Iucundos
563 2949 579 2998 8
598 2943 669 2998 illud
683 2941 781 2997 Paculi
795 2944 853 2998 PB
868 2943 938 2996 illud
956 2943 1061 3012 piaculi
1076 2944 1134 2999 Aur
1147 2944 1218 2999 illud
1234 2947 1328 3003 Pacu-

173 3035 213 3088 uii
231 3052 264 3088 o.
271 3040 335 3104 post
348 3032 419 3087 illud
433 3034 465 3086 iu
478 3033 603 3102 neruiue
616 3034 720 3087 minore
733 3035 874 3101 scripturo
886 3034 934 3087 sed
947 3033 1038 3088 euduu
1052 3050 1137 3088 mauu
1150 3036 1328 3105 adscriptum

173 3130 211 3177 est
234 3130 299 3176 nom
323 3123 379 3176 loci
402 3123 430 3176 A
502 3114 669 3175 9flammeo
688 3122 716 3174 Β
739 3122 839 3175 flameo
858 3122 917 3175 Am
935 3121 1093 3177 flammineo
1119 3123 1145 3176 V
1213 3124 1327 3182 fructos

174 3218 235 3264 offis
250 3212 340 3264 PAB
354 3211 461 3265 fructus
477 3209 596 3264 omniso
669 3213 703 3260 10
717 3208 789 3279 abit]
804 3208 886 3262 habit
899 3210 927 3262 A
1000 3216 1032 3264 11
1048 3211 1155 3266 aestiuo
1170 3213 1216 3268 die
1233 3213 1328 3270 VAB

174 3300 313 3353 aestiuum
346 3300 420 3353 diem
449 3301 567 3354 Ursinus
639 3294 814 3350 diffinderem
837 3298 895 3352 PB
923 3299 1087 3354 difinderem
1110 3301 1138 3354 A
1164 3301 1327 3360 diffiderem

158 3396 189 3442 ‘o
204 3418 210 3430 ·
226 3389 249 3441 c'
274 3389 304 3443 Si
333 3407 389 3443 non
417 3387 592 3441 diffinderem
620 3403 683 3440 meo
710 3384 833 3440 insiticio
860 3403 987 3441 somnum
1006 3390 1122 3444 meridie
1144 3389 1242 3445 uiuere
1265 3410 1327 3449 uon

172 3480 204 3532 in
231 3480 354 3547 murqine
382 3476 531 3544 adscripsit
553 3475 585 3528 P.
630 3473 671 3528 ‘si
699 3493 755 3530 non
783 3475 956 3530 diffinderem
984 3493 1046 3531 meo
1074 3478 1197 3535 insititio
1222 3499 1326 3538 somno

172 3566 297 3621 meridie.
340 3568 397 3620 Hic
425 3567 500 3619 locus
527 3565 643 3632 turpiter
671 3566 796 3632 foedatus
822 3567 934 3619 eratin
956 3569 1080 3623 omnibus
1102 3571 1209 3624 excusis
1228 3573 1327 3627 libris.-

172 3672 222 3710 uos
253 3657 284 3709 in
316 3670 402 3708 manu
433 3654 543 3722 seriptis
575 3654 778 3722 antiquioribus
805 3671 875 3724 pene
906 3657 1042 3726 iuteqrurn
1069 3659 1241 3713 inueuimus:
1272 3663 1327 3717 boe

172 3749 280 3797 tanturn
298 3745 330 3796 in
347 3743 405 3796 illis
423 3742 490 3796 uitii
508 3747 574 3810 erut,
594 3744 666 3812 quod
684 3743 799 3810 Sumnu,
812 3760 866 3813 pro
885 3760 977 3799 sonno
995 3748 1127 3815 scriptum
1146 3753 1219 3802 unt:
1238 3768 1327 3820 quam

172 3833 308 3886 maculam
340 3832 405 3886 dum
437 3832 527 3886 tollere
555 3832 702 3887 uoluerunt
728 3834 837 3887 sinistri
864 3835 977 3902 quidum
1004 3838 1198 3903 emendatores,
1231 3842 1327 3910 napis

172 3920 260 3975 locurn
284 3921 485 3990 inquinaruut'
517 3921 655 3976 Victorius
727 3938 789 3975 meo
813 3921 999 3976 insiticiosum
1022 3926 1131 3980 numeri
1154 3925 1200 3979 die
1223 3926 1326 3997 (diem,

170 4011 217 4064 sed
234 4011 317 4065 deleto
335 4029 363 4063 m
378 4012 417 4081 A)
430 4010 520 4064 PAB
538 4026 601 4065 meo
620 4009 754 4065 insiciosu
773 4011 882 4065 muneri
901 4011 975 4065 diem
993 4031 1019 4067 m
1037 4014 1066 4067 in
1083 4032 1116 4069 eo
1130 4014 1327 4073 insiticiosum

170 4100 279 4154 muneri
302 4100 381 4155 dieo
456 4105 488 4154 12
513 4117 623 4169 possem
641 4116 667 4154 rn
687 4101 833 4154 Iucundus
856 4099 995 4170 possimn
1020 4119 1133 4171 possum
1153 4104 1248 4158 PAB

171 4189 318 4243 semenstri
338 4191 429 4243 PAB
448 4189 604 4260 semestris
677 4194 710 4242 13
729 4188 880 4259 quicquam
898 4192 946 4246 lios
965 4193 1020 4245 loeo
1040 4192 1127 4246 VAB
1198 4195 1281 4262 posit
1298 4199 1328 4251 A

243 4282 276 4329 14
295 4277 323 4330 in
342 4277 424 4332 italia
447 4277 474 4330 A
547 4275 692 4348 egregium
710 4277 743 4330 fit
760 4278 820 4331 AB
845 4281 983 4335 Victorius
1002 4283 1145 4350 egregium
1164 4281 1202 4335 sit
1223 4283 1251 4336 V

172 4367 204 4416 15
224 4380 360 4432 campano
384 4366 411 4417 V
427 4374 534 4433 caprino
553 4367 581 4420 A
600 4383 755 4435 osmpauno
775 4368 802 4419 Β
874 4370 958 4438 apulo
977 4370 1037 4423 AB
1056 4372 1160 4440 appulo
1185 4371 1212 4424 V
1289 4382 1325 4430 16

170 4453 286 4507 uenafro
312 4453 366 4507 VA
386 4456 536 4510 ueneiruno
555 4457 583 4508 Β
