3000 5026
420 379 550 435 RERVM
567 379 805 436 RVSTICARVM
823 379 890 435 LIB.
910 381 923 434 I
943 373 1062 432 18-19
1244 379 1307 445 157

163 548 337 628 temptando
364 547 505 627 pleraque
534 549 767 628 constituerunt,
795 547 883 607 liberi
909 566 1013 609 eorum
1036 566 1171 626 magnam
1193 556 1310 626 partem

163 655 316 715 imitando.
362 673 416 714 nos
434 663 594 732 utrumque
614 655 711 714 lacere
731 653 881 736 debemus,
905 664 935 715 et
952 657 1061 716 imitari
1080 655 1152 715 alios
1171 663 1201 714 et
1219 654 1333 716 aliter8

164 769 200 822 ut
222 762 364 822 laniamus
387 763 568 840 experientia
592 768 737 839 temptare
761 761 918 843 quaedam,
941 770 1101 841 sequentes
1124 779 1190 842 non·
1207 761 1308 842 aleam,
1389 812 1392 817 .

164 869 217 929 sed
247 871 390 928 rationem
419 867 559 947 aliquam:
591 876 625 927 ut
653 870 678 927 si
707 867 794 928 altius
823 871 1102 948 repastinaverimus
1131 877 1182 928 aut
1209 870 1308 927 minus

135 987 254 1054 equam
272 973 329 1055 alii,
349 975 428 1054 quod
447 983 628 1036 momentum
648 994 680 1034 ea
696 993 745 1034 res
759 975 875 1054 habeat,
890 984 925 1036 ut
939 976 1075 1036 lecerunt
1088 978 1110 1035 ii
1124 979 1155 1035 in
1171 975 1307 1036 sariendo

163 1084 273 1141 iterum
302 1089 332 1142 et
360 1085 461 1163 tertio,
490 1091 520 1142 et
543 1084 595 1161 qui
618 1084 773 1142 insitiones
796 1082 920 1144 liculnas
944 1101 979 1143 ex
1003 1101 1093 1143 verno
1118 1091 1252 1162 tempore
1276 1084 1306 1141 in

164 1190 309 1248 aestivum
332 1187 530 1249 contulerunt.

252 1294 295 1354 De
334 1293 447 1372 reliqua
479 1303 563 1373 parte
596 1297 800 1377 instrumenti,
838 1298 915 1376 quod
950 1296 1124 1357 semivooale
1158 1295 1309 1376 appellavi,
1320 1295 1387 1356 xlx

164 1400 291 1461 Saserna
315 1401 351 1460 ad
376 1403 478 1478 iugera
502 1415 544 1463 cc
568 1405 630 1463 arvi
649 1403 739 1463 boum
758 1406 825 1482 iuga
845 1403 903 1463 dero
923 1406 994 1464 satis
1014 1422 1080 1464 esse
1100 1403 1212 1485 scribit,
1236 1403 1307 1464 Cato

121 1521 149 1561 1⁰
163 1511 195 1569 in
219 1507 320 1568 oliveti
343 1520 433 1569 0ch
457 1509 569 1586 ingeris
593 1509 683 1570 boves
706 1513 810 1572 trinos.
856 1513 897 1570 ita
920 1511 953 1571 fit
976 1519 1017 1591 ut,
1040 1515 1069 1571 si
1086 1510 1212 1570 Saserna
1236 1511 1308 1570 dieit

163 1634 281 1697 verum,
309 1614 345 1674 ad
370 1627 390 1674 c
414 1616 515 1693 iugera
539 1616 641 1694 iugum
665 1636 740 1697 opus
764 1619 815 1698 sit,
840 1620 866 1677 si
889 1617 973 1698 Cato,
997 1618 1033 1678 ad
1057 1625 1209 1694 octogena.
1255 1616 1307 1676 sed
1411 1638 1414 1645 ·

162 1742 217 1802 ego
242 1732 382 1783 neutrum
406 1722 525 1782 modum
549 1723 657 1784 horum
680 1743 798 1785 omnem
821 1725 856 1784 ad
880 1742 985 1802 agrum
1008 1727 1167 1784 convenire
1186 1730 1259 1802 puto
1278 1732 1308 1784 et

161 1838 323 1908 utrumque
347 1829 382 1888 ad
406 1828 543 1908 aliquem.
589 1830 643 1889 alia
667 1833 744 1890 enim
769 1839 848 1891 terra
872 1831 985 1891 facilior
1009 1838 1059 1890 aut
1078 1831 1227 1891 diffieilior
1248 1840 1307 1891 est:

161 1937 247 1998 aliam
275 1946 386 1998 terram
413 1935 503 1995 hoves
525 1937 718 2016 proscindere
741 1939 800 1997 nisi
823 1939 936 2016 magnis
959 1937 1072 1997 viribus
1096 1957 1153 1998 non
1177 1942 1332 2016 possunt2

119 2056 146 2096 15
161 2053 191 2105 et
221 2062 308 2122 saepe
338 2044 429 2103 lraeta
457 2042 532 2103 bura
561 2044 734 2122 relinquunt
762 2062 896 2104 vomeres
920 2047 951 2104 io
974 2063 1051 2105 arvo.
1099 2063 1157 2123 quo
1182 2063 1306 2122 sequen-

162 2151 234 2211 dum
257 2150 344 2210 nobis
366 2151 398 2209 in
422 2149 546 2228 singulis
571 2151 678 2229 lundis,
701 2151 772 2210 dum
796 2169 899 2211 sumus
922 2152 1039 2232 novicii,
1063 2150 1173 2228 triplici
1196 2150 1307 2230 regula,

161 2259 326 2335 superioris
355 2256 467 2318 domini
498 2259 634 2317 instituto
663 2265 693 2317 et
719 2258 885 2318 vicinorum
913 2266 943 2318 et
966 2259 1148 2335 experientia
1172 2257 1305 2336 quadam.

161 2362 242 2441 quod
266 2361 348 2422 addit
370 2365 468 2423 asinos
492 2366 544 2442 qui
566 2372 683 2424 stereus
706 2371 824 2424 veeteut
846 2371 920 2445 tres,
944 2367 1060 2425 asinum
1083 2364 1248 2446 molarium,
1271 2366 1331 2424 iu3

161 2470 247 2528 vinea
267 2471 403 2546 iugerum
424 2484 444 2533 c
462 2473 563 2549 iugum
583 2470 682 2551 boum,
700 2473 852 2531 asinorum
871 2474 983 2553 iugum,
1001 2474 1117 2533 asinum
1137 2471 1305 2531 molarium:

236 2664 269 2712 16
287 2661 316 2714 et
333 2676 417 2729 saepe
436 2658 526 2714 fresta
543 2660 617 2714 Nom
632 2678 662 2729 p.
682 2665 728 2727 80,
746 2666 782 2715 16

236 2845 249 2891 1
278 2838 442 2908 temptando
466 2837 527 2891 AB
554 2837 688 2891 tentando
716 2837 743 2891 V
825 2844 841 2892 2
870 2839 1007 2903 utrunque
1035 2836 1091 2891 VB
1176 2838 1247 2892 alios
1276 2842 1306 2892 et

160 2926 245 2981 aliter
269 2927 325 2981 VB
348 2927 418 2981 alios
435 2926 439 2998 l
455 2926 551 2980 taliter
568 2925 596 2979 A
614 2924 684 2979 alios
708 2927 737 2978 et
754 2924 851 2980 taliter
869 2943 896 2978 m
967 2929 983 2976 3
1005 2926 1143 2992 temptare
1161 2925 1224 2979 AB
1246 2928 1305 2980 len·

157 3020 222 3071 tore
245 3015 273 3069 V
350 3016 472 3070 oterolo
490 3016 517 3069 A
594 3014 711 3068 ficulnus
732 3015 824 3069 PAB
842 3012 1010 3068 ficulneasr
1081 3014 1179 3081 tepore
1198 3000 1245 3067 A

235 3111 269 3160 10
301 3104 330 3159 in
358 3104 469 3159 olinetis
498 3101 587 3156 CCXL
613 3101 718 3173 ingeris
746 3103 835 3157 PAB
863 3101 892 3155 in
919 3100 1032 3156 oliuetis
1059 3101 1211 3155 ducentum
1238 3119 1305 3170 qus-

158 3193 296 3262 draginta
313 3194 471 3263 iugernmr
508 3231 509 3234 ,
544 3194 576 3246 ut
595 3208 708 3246 saserna
727 3191 796 3246 dicit
815 3191 905 3246 PAB
924 3194 956 3244 ut
975 3207 1087 3245 essetne
1101 3190 1207 3245 diceto
1272 3197 1302 3244 11

158 3285 195 3338 sd
212 3325 218 3337 .
235 3281 256 3336 C
273 3323 278 3335 .
293 3282 390 3352 iugera
408 3281 469 3336 AB
494 3281 530 3335 od
553 3282 665 3335 eentum
687 3281 784 3350 iugera
806 3281 833 3335 V
901 3297 970 3349 opus
994 3280 1041 3350 sit]
1066 3297 1135 3349 opus
1154 3282 1197 3333 est
1216 3279 1305 3334 PAB

140 3388 230 3440 ,opus
246 3388 337 3426 essen
410 3377 443 3424 12
459 3388 511 3439 ego
526 3386 576 3426 om.
592 3371 654 3437 Bo,
669 3371 733 3424 odd.
749 3369 808 3424 ΡΑ
871 3371 979 3423 netrum
989 3369 1025 3439 A,
1080 3370 1179 3423 horum
1195 3386 1305 3423 omnem

161 3461 196 3514 ad
211 3476 312 3529 agrum
325 3461 353 3514 P
368 3460 468 3514 horum
481 3459 504 3516 J
518 3460 554 3515 ad
573 3476 683 3514 omnem
702 3460 739 3514 ed
758 3477 856 3529 agrum
870 3460 898 3512 A
915 3459 1015 3512 horum
1030 3457 1066 3511 ad
1081 3474 1192 3512 omnem
1206 3476 1305 3527 agrum

163 3548 210 3602 Bo
225 3564 320 3602 eorum
335 3549 372 3603 ad
386 3566 495 3604 omnem
510 3567 607 3619 agrum
616 3566 643 3602 m
699 3554 731 3602 13
745 3549 884 3616 utrunque
898 3547 954 3601 VB
1010 3554 1042 3600 14
1056 3546 1216 3616 proeindere
1225 3548 1253 3601 A

166 3653 218 3689 non
235 3638 268 3691 im
285 3639 409 3707 marsim
426 3640 558 3708 seriptum
576 3637 648 3692 imB
713 3643 745 3690 15
760 3653 901 3691 uomerem
916 3637 1070 3706 Nouimsp.
1090 3641 1192 3705 80,17
1250 3654 1306 3705 quo

142 3712 144 3715 ’
169 3724 334 3792 requendum
344 3726 436 3781 PAB
450 3726 524 3796 quod
535 3727 729 3794 sequendume
784 3731 817 3778 16
831 3724 943 3780 Nouicii
953 3728 985 3781 in
994 3727 1117 3796 moreins
1126 3727 1273 3796 adscripsit
1282 3726 1310 3779 P

206 3820 235 3868 li
250 3814 381 3869 instituta
394 3832 507 3871 eorr.-
523 3817 552 3869 to
566 3815 593 3868 B
636 3821 669 3869 18
683 3817 740 3869 tres
753 3813 843 3868 PAB
858 3815 940 3869 trisr
979 3816 1021 3869 ‘ln
1035 3815 1119 3870 uinea
1132 3817 1260 3884 iugerum
1276 3815 1305 3870 C.

176 3901 304 3958 asinorum
314 3905 420 3973 iugum,
433 3902 640 3974 [iugumboum
651 3902 791 3957 asinorum
796 3903 893 3972 iugum
899 3905 938 3957 ert.
948 3903 1028 3974 Vnt]
1035 3903 1144 3957 asinum
1151 3905 1305 3958 molarium.

177 3987 216 4042 Ee
231 3998 317 4048 uetere
335 3995 475 4063 scripturo
492 3994 579 4048 lorum
591 3993 768 4058 restituimus,
785 4008 873 4046 mmmm
886 3996 993 4047 tamtum
1006 3992 1179 4061 reliquimus:
1198 3993 1305 4045 Molem-

177 4075 274 4136 derirrm
302 4084 375 4137 emim
398 4099 453 4152 pro
477 4083 644 4149 Molorirrm,
672 4082 884 4136 onustissimum
911 4081 1048 4149 exemptor
1071 4079 1186 4133 habebat
1204 4101 1211 4133 :
1231 4081 1307 4146 opud

114 4174 117 4181 '
177 4162 292 4225 Vammem
314 4177 405 4228 tamen
430 4173 584 4226 Molorinm
603 4193 609 4225 :
629 4172 701 4225 tuoe
724 4172 796 4225 emim
818 4171 906 4239 ipsius
928 4171 1016 4224 lorum
1039 4167 1188 4237 exprimit.
1203 4167 1307 4221 Asinos

163 4251 307 4319 plastorios
325 4261 367 4314 II
387 4263 498 4316 ssimum
519 4260 665 4315 motorium
684 4304 690 4315 .
710 4260 748 4314 Im
770 4261 922 4314 seminatore
945 4259 1034 4313 codiee
1060 4257 1306 4324 Molendimorimm

159 4355 216 4406 lu0
238 4350 317 4403 mbo
334 4349 525 4405 iurisconsulti
540 4349 622 4403 etiam
635 4349 681 4402 irai
693 4355 767 4416 srmt,
785 4355 810 4404 et
823 4350 888 4403 hoec
901 4348 1016 4415 fortasse
1029 4363 1096 4400 uero
1110 4345 1151 4400 M.
1172 4345 1308 4400 Varronis

150 4427 253 4485 lectio’
296 4438 433 4491 Victorius
515 4443 547 4491 19
570 4437 668 4508 iugum
685 4439 770 4494 boum
789 4454 836 4492 mo
854 4438 936 4508 iugus
955 4438 1039 4492 boum
1058 4436 1148 4491 PAB
1220 4435 1309 4490 mola·

141 4512 250 4591 rium]
267 4526 470 4581 molendae-ium
485 4527 634 4596 posteriore
653 4528 709 4583 loeo
731 4526 819 4581 VAB
837 4525 1069 4582 molendinarium
1086 4543 1113 4581 m
