3000 5026
367 107 496 162 RERVM
515 107 753 162 RVSTIOARVM
771 108 839 166 ΜΒ.
858 110 871 163 l
891 107 1012 168 27-29
1205 109 1267 174 167

128 273 165 333 id.
189 273 270 354 Nou,
294 274 433 353 suptilius
457 275 594 335 diseretis
618 275 802 354 temporibus
825 277 1007 338 observanda
1029 277 1171 357 quaedam
1192 285 1269 356 sunt,

128 399 222 461 eaque
255 383 286 441 in
318 389 419 461 partes
447 396 510 443 vul
542 382 728 444 dividuntur:
760 385 890 461 primum
918 403 934 443 a
962 385 1079 444 lavonio
1107 384 1142 444 ad
1171 386 1269 462 aequi-

123 491 261 549 noctium
283 507 407 550 vernum
427 489 490 549 dies
508 503 565 570 xu,
588 489 657 550 hinc
677 489 712 549 ad
733 491 920 568 vergiliarum
940 498 1075 551 exortum
1094 491 1158 551 dies
1176 504 1270 570 xnlv,

121 594 162 655 ab
189 595 248 656 boc
271 596 307 656 ad
331 595 490 656 solstitium
514 595 577 656 dies
600 610 711 677 xunx,
739 597 808 657 inde
831 597 868 656 ad
892 597 1041 659 caniculae
1065 600 1182 676 signum
1207 597 1270 658 dies

78 717 244 783 axxvll,
276 702 345 762 dein
378 702 413 762 ad
446 705 667 782 aequinoctium
699 703 867 764 autumnale
901 704 965 765 dies
996 719 1106 784 vall,
1139 706 1206 764 exin
1235 705 1270 765 ad

110 809 318 887 vergiliarum
346 827 484 869 occasum
514 809 577 870 dies
605 826 717 891 xxxn,
745 810 781 870 ab
804 810 861 871 hoc
884 811 920 871 ad
944 811 1079 872 brumam
1104 811 1167 872 dies
1190 826 1271 890 Lvll,

99 916 196 980 inde
220 915 257 976 ad
281 917 430 976 favonium
452 916 515 977 dies
537 932 617 980 XLV.
1113 902 1119 913 ⁹

219 1021 281 1100 [ln]
306 1025 401 1101 primo
425 1024 578 1084 intervallo
597 1028 675 1086 inter
694 1026 841 1086 favonium
862 1034 891 1086 et
910 1027 1129 1104 aequinoctium
1150 1044 1272 1085 vernum
1291 1021 1385 1082 XXIX

88 1133 200 1194 haec
226 1130 291 1189 lieri
314 1137 439 1208 oportet.
486 1133 642 1192 seminaria
665 1151 751 1193 omne
775 1151 869 1212 genus
893 1140 1095 1213 inserantur,
1118 1134 1218 1210 putari
1240 1133 1272 1191 in

12 1270 51 1310 ο
82 1238 230 1321 pratis,
255 1238 368 1296 circum
392 1238 466 1298 vites
489 1238 646 1320 ablaauari,
671 1240 786 1301 radices
810 1243 939 1320 quaein
963 1258 1076 1300 summa
1101 1247 1180 1300 terra
1203 1245 1273 1298 sunt

76 1342 271 1429 praecidi,
294 1351 377 1422 prata
400 1347 529 1425 purgari,
556 1346 656 1407 salicta
681 1351 749 1426 seri,
773 1355 889 1426 segetes
913 1349 1007 1407 sariri.
1055 1363 1139 1423 seges
1163 1344 1273 1404 dicitur

79 1449 208 1534 quod
233 1457 348 1510 aratum
372 1462 467 1511 satum
492 1460 550 1533 est,
581 1471 682 1513 arvum
707 1453 785 1533 quod
809 1462 923 1514 aratum
947 1453 1074 1513 necdum
1098 1459 1194 1511 satum
1219 1458 1272 1529 est,

72 1556 251 1637 novalis,
272 1556 324 1617 ubi
343 1565 438 1618 satum
458 1559 522 1639 luit,
540 1567 698 1639 antequam
718 1561 847 1621 secunda
866 1563 957 1621 aratio
977 1566 1136 1620 renovatur
1155 1561 1298 1619 rursus2

69 1681 240 1734 terram
269 1682 338 1724 cum
365 1666 494 1742 primum
522 1675 619 1742 arant,
650 1668 842 1746 proscindere
870 1667 1030 1748 appellant,
1059 1685 1127 1727 oum
1155 1667 1273 1746 iterum,

10 1813 17 1849 ›‚
63 1771 288 1850 offriugere
321 1770 436 1851 dicunt,
470 1773 548 1852 quod
581 1776 676 1853 prima
709 1778 839 1835 aratione
871 1774 990 1853 glaebae
1023 1773 1149 1851 grandes
1177 1772 1273 1832 solent

63 1879 267 1957 excitari3
295 1896 363 1937 cum
386 1880 520 1961 iteratur,
543 1882 701 1960 ollringere
725 1889 838 1943 vocant.
883 1885 973 1943 tertio
997 1900 1065 1942 cum
1089 1886 1172 1940 arant
1196 1881 1272 1939 iacto
1341 1885 1343 1887 ’

63 1986 257 2065 semine,
289 1984 380 2045 boves
411 1985 500 2048 lirare
533 1988 685 2068 dicuntur,
718 1989 747 2049 id
781 1997 826 2050 est
858 2007 925 2049 erun
958 1987 1074 2049 tabellis
1102 1986 1209 2046 additis
1237 1984 1272 2044 ad

65 2109 280 2161 vomerem
305 2092 392 2152 simul
416 2101 445 2154 et
468 2103 563 2155 satum
584 2096 765 2157 frumentum
785 2098 923 2175 operiunt
941 2098 970 2156 in
990 2097 1090 2174 porcis
1109 2101 1139 2154 et
1158 2092 1274 2153 sulcant

62 2209 145 2269 so
154 2215 235 2280 ssas,
259 2217 317 2277 quo
341 2199 439 2278 pluvia
462 2220 536 2280 aqua
561 2203 722 2265 delabatur.
769 2222 828 2264 non
852 2203 925 2264 nulli
948 2210 1058 2283 postea,
1083 2204 1134 2282 qui
1158 2207 1273 2280 segetes

204 2412 219 2460 5
237 2405 445 2476 aequinoctium
465 2411 625 2466 autumnale
646 2411 751 2466 Uttaris.
766 2429 796 2480 p.
816 2416 880 2478 118,
899 2415 939 2466 25

70 2537 345 2548 -Μ

207 2610 219 2657 1
244 2602 375 2674 suptilius
396 2604 424 2657 P
447 2603 577 2657 subtilius
597 2605 677 2658 ABa
765 2602 892 2658 discretis
910 2603 970 2657 Ara
992 2605 1130 2658 Victorias
1153 2604 1273 2672 deserip·

78 2691 158 2742 tis
197 2691 270 2749 VB.
287 2691 438 2747 ‘Subtilius
461 2691 588 2747 discretis
607 2691 781 2760 temporibus
797 2735 802 2746 .
817 2693 922 2759 Antea,
948 2691 1101 2760 Descriptis
1117 2733 1123 2746 .
1140 2692 1275 2744 Mandant

79 2784 235 2851 ortam,
257 2783 324 2852 qaia
342 2783 374 2837 ia
392 2783 515 2851 aetianis
533 2781 687 2848 Descretis,
705 2785 793 2834 artare
811 2779 1007 2856 orthographia
1024 2780 1156 2847 scriptam
1174 2784 1225 2845 est,
1244 2784 1275 2831 at

82 2867 134 2918 tn
192 2871 303 2942 Derion,
326 2873 461 2927 Deaertor
476 2913 482 2925 .
496 2871 584 2925 Libra
602 2870 643 2923 ΙΙ
659 2871 707 2940 [1,
730 2869 785 2939 12]
806 2869 838 2923 iro
860 2869 896 2923 iis
920 2869 1035 2922 artemis
1054 2861 1212 2922 codicibus:
1227 2865 1275 2921 Ea

82 2963 224 3021 partes
250 2962 329 3015 babet
355 2976 465 3026 nouem,
493 2961 626 3014 deseretur
653 2965 693 3013 tar
716 2964 829 3012 ternas.
845 2958 900 3012 Itte
922 2959 993 3012 euim
1016 2957 1103 3023 locas,
1130 2957 1275 3011 atrocioris

87 3049 297 3118 scripturae,
326 3055 351 3104 et
377 3050 528 3104 intellectas
554 3050 638 3103 baias
665 3049 743 3103 aerbi
770 3048 851 3102 adda
874 3046 1104 3101 accommodatam
1125 3047 1276 3114 exemplam

92 3135 155 3185 Μ
173 3135 192 3161 ’
211 3134 347 3194 Victorias
428 3145 443 3191 2
467 3136 608 3193 afauiuio
627 3139 654 3190 A
736 3135 773 3190 ed
789 3138 794 3205 1
810 3135 983 3204 quinoctium
1001 3136 1029 3190 A
1052 3152 1120 3190 carr.
1144 3135 1180 3188 ad
1199 3132 1276 3202 equi-

97 3227 259 3281 noctium
277 3229 318 3282 Α1
390 3226 485 3281 3dies
503 3226 562 3297 XL]
583 3227 642 3280 dies
657 3225 731 3279 XLV
750 3225 931 3279 Schneideras
1002 3226 1074 3281 iob
1093 3225 1146 3279 hoc
1165 3224 1201 3276 ad
1220 3222 1275 3276 sol-

10 3326 16 3399 Τ
107 3302 258 3388 obierum]
278 3315 371 3386 babet
390 3317 426 3370 ab
444 3319 495 3372 hoc
514 3317 550 3370 ed
570 3315 722 3371 solstitium
735 3312 901 3390 ebionaeis
915 3316 943 3369 B
1015 3321 1031 3369 5
1051 3312 1116 3368 dein
1131 3312 1167 3367 ad
1182 3310 1276 3378 aequi-

10 3414 16 3431 ·
114 3406 260 3462 roceium
278 3410 306 3463 P
327 3407 427 3461 deinde
452 3407 488 3460 ad
511 3407 719 3476 aequinoctium
738 3409 787 3462 Bo
806 3408 871 3462 dein
895 3407 932 3460 ad
950 3402 1142 3474 quinnocbium
1161 3401 1189 3456 A
1207 3416 1275 3455 corr.

128 3481 204 3548 dein
221 3497 255 3551 ad
275 3495 484 3566 equinnoctium
500 3495 541 3548 A2
614 3495 775 3551 autumnale
793 3496 851 3550 PA
870 3493 1021 3550 autumnale
1037 3494 1063 3546 B
1078 3491 1277 3548 auctunualea

208 3587 269 3640 exin
294 3585 353 3640 PA
377 3583 476 3639 exinde
495 3585 544 3639 Ba
617 3591 633 3639 6
657 3584 832 3652 uirgiliarum
855 3602 923 3639 corr.
947 3600 1016 3653 uerg
1030 3613 1065 3622 -—
1079 3584 1107 3637 B
1180 3588 1194 3635 t
1220 3580 1278 3635 dies

333 3659 352 3697 u

146 3702 223 3780 xiv]
241 3711 300 3766 dies
318 3711 369 3764 XV
388 3708 416 3763 A

209 3799 451 3868 tequinoctiuum
470 3799 497 3851 A
588 3806 603 3852 9
627 3797 722 3868 putari
745 3796 863 3867 inpretis
882 3797 973 3851 PAB
997 3793 1091 3864 putari
1114 3793 1225 3862 iprimis
1244 3811 1277 3846 a.

66 3928 69 3935 -
152 3890 159 3919 ³
187 3890 235 3945 aaa
257 3889 375 3944 cariaci
389 3909 395 3941 ε
411 3889 516 3943 diuersi
539 3893 629 3942 tamen
650 3888 695 3941 tria
717 3894 782 3941 sant
800 3887 910 3955 antiqui
929 3882 1183 3950 tibri21np1atio,
1207 3883 1278 3934 enim

146 3979 247 4038 labent'
276 3979 413 4032 Victorias
428 4021 434 4032 .
448 3977 564 4043 fortasse
581 3976 743 4046 praeparari
761 3976 790 4029 iu
810 3973 899 4044 pratia
973 3977 1005 4025 10
1025 3970 1168 4026 ablaeueri
1187 3968 1278 4024 PAB

78 4060 82 4067 ’
144 4066 335 4136 ablaqueario
408 4070 440 4119 11
460 4065 541 4120 sarni
559 4066 694 4120 Gasaeras
713 4064 799 4119 sarire
820 4064 912 4117 PAB
930 4061 1064 4116 serviren
1137 4066 1169 4114 13
1188 4058 1279 4114 aratio

39 4198 48 4205 -
139 4157 288 4220 renouabrr
303 4156 395 4211 PAB
415 4153 540 4209 aratione
558 4157 708 4209 renouetur
724 4171 739 4207 a
755 4198 760 4210 .
776 4155 891 4221 fortasse
909 4149 1035 4205 aratione
1054 4150 1173 4204 novatur
1246 4154 1279 4202 15

10 4218 46 4310 ,Σ
136 4229 239 4309 glebae
263 4227 289 4280 V
359 4233 391 4281 16
411 4225 540 4296 offrigere
554 4229 703 4296 posteriore
721 4229 777 4281 toao
795 4225 823 4280 A
893 4222 980 4279 tercio
999 4221 1027 4277 A
