<?xml version="1.0" encoding="UTF-8"?>
<!DOCTYPE html PUBLIC "-//W3C//DTD XHTML 1.0 Transitional//EN"
    "http://www.w3.org/TR/xhtml1/DTD/xhtml1-transitional.dtd">
<html xmlns="http://www.w3.org/1999/xhtml" xml:lang="en" lang="en">
 <head>
  <title>
</title>
<meta http-equiv="Content-Type" content="text/html;charset=utf-8" />
  <meta name='ocr-system' content='tesseract 3.04.00' />
  <meta name='ocr-capabilities' content='ocr_page ocr_carea ocr_par ocr_line ocrx_word'/>
</head>
<body>
  <div class='ocr_page' id='page_1' title='image "./mporcicatonisde01keilgoog_0197.png"; bbox 0 0 3000 5026; ppageno 0'>
   <div class='ocr_carea' id='block_1_1' title="bbox 151 312 827 395">
    <p class='ocr_par' dir='ltr' id='par_1_1' title="bbox 151 312 827 395">
     <span class='ocr_line' id='line_1_1' title="bbox 151 312 827 395; baseline 0.003 -29"><span class='ocrx_word' id='word_1_1' title='bbox 151 317 215 380; x_wconf 73' lang='lat'>172</span> <span class='ocrx_word' id='word_1_2' title='bbox 460 382 467 395; x_wconf 20' lang='grc' dir='ltr'><em>ὑ</em></span> <span class='ocrx_word' id='word_1_3' title='bbox 640 312 827 368; x_wconf 80' lang='lat' dir='ltr'>vaaaoms</span> 
     </span>
    </p>
   </div>
   <div class='ocr_carea' id='block_1_2' title="bbox 23 479 1343 2381">
    <p class='ocr_par' dir='ltr' id='par_1_2' title="bbox 150 479 1294 669">
     <span class='ocr_line' id='line_1_2' title="bbox 150 479 1294 563; baseline -0.006 -18"><span class='ocrx_word' id='word_1_4' title='bbox 150 491 268 563; x_wconf 83' lang='lat' dir='ltr'>oportet</span> <span class='ocrx_word' id='word_1_5' title='bbox 300 490 461 544; x_wconf 88' lang='lat' dir='ltr'>stramenta</span> <span class='ocrx_word' id='word_1_6' title='bbox 492 483 625 543; x_wconf 89' lang='lat' dir='ltr'>desecari</span> <span class='ocrx_word' id='word_1_7' title='bbox 657 490 687 541; x_wconf 86' lang='lat' dir='ltr'>et</span> <span class='ocrx_word' id='word_1_8' title='bbox 719 499 840 541; x_wconf 90' lang='lat' dir='ltr'>acervos</span> <span class='ocrx_word' id='word_1_9' title='bbox 873 481 1027 561; x_wconf 81' lang='lat' dir='ltr'>constitui,</span> <span class='ocrx_word' id='word_1_10' title='bbox 1059 485 1139 539; x_wconf 90' lang='lat' dir='ltr'>arata</span> <span class='ocrx_word' id='word_1_11' title='bbox 1167 479 1294 560; x_wconf 83' lang='lat' dir='ltr'>ollringi,</span> 
     </span>
     <span class='ocr_line' id='line_1_3' title="bbox 151 589 912 669; baseline -0.007 -17"><span class='ocrx_word' id='word_1_12' title='bbox 151 591 286 652; x_wconf 89' lang='lat' dir='ltr'>lrondem</span> <span class='ocrx_word' id='word_1_13' title='bbox 310 590 405 669; x_wconf 84' lang='lat' dir='ltr'>caedi,</span> <span class='ocrx_word' id='word_1_14' title='bbox 429 596 512 668; x_wconf 91' lang='lat' dir='ltr'>prata</span> <span class='ocrx_word' id='word_1_15' title='bbox 536 590 653 668; x_wconf 91' lang='lat' dir='ltr'>inrigua</span> <span class='ocrx_word' id='word_1_16' title='bbox 676 591 785 649; x_wconf 90' lang='lat' dir='ltr'>iterum</span> <span class='ocrx_word' id='word_1_17' title='bbox 809 589 912 648; x_wconf 88' lang='lat' dir='ltr'>secari.</span> 
     </span>
    </p>

    <p class='ocr_par' dir='ltr' id='par_1_3' title="bbox 23 692 1335 1205">
     <span class='ocr_line' id='line_1_4' title="bbox 23 692 1296 775; baseline -0.006 -14"><span class='ocrx_word' id='word_1_18' title='bbox 23 699 141 761; x_wconf 86' lang='lat' dir='ltr'>XXXIV</span> <span class='ocrx_word' id='word_1_19' title='bbox 240 697 330 759; x_wconf 84' lang='lat' dir='ltr'>Sexto</span> <span class='ocrx_word' id='word_1_20' title='bbox 358 696 512 758; x_wconf 91' lang='lat' dir='ltr'>intervallo</span> <span class='ocrx_word' id='word_1_21' title='bbox 541 696 577 757; x_wconf 92' lang='lat' dir='ltr'>ab</span> <span class='ocrx_word' id='word_1_22' title='bbox 607 697 793 775; x_wconf 88' lang='lat' dir='ltr'>aequinoctio</span> <span class='ocrx_word' id='word_1_23' title='bbox 817 693 980 755; x_wconf 82' lang='lat' dir='ltr'>autumnali</span> <span class='ocrx_word' id='word_1_24' title='bbox 1003 695 1134 772; x_wconf 81' lang='lat' dir='ltr'>incipere</span> <span class='ocrx_word' id='word_1_25' title='bbox 1159 692 1296 753; x_wconf 89' lang='lat' dir='ltr'>scribunt</span> 
     </span>
     <span class='ocr_line' id='line_1_5' title="bbox 151 800 1295 883; baseline -0.003 -19"><span class='ocrx_word' id='word_1_26' title='bbox 151 812 290 883; x_wconf 87' lang='lat' dir='ltr'>oportere</span> <span class='ocrx_word' id='word_1_27' title='bbox 318 822 418 864; x_wconf 79' lang='lat' dir='ltr'>serere</span> <span class='ocrx_word' id='word_1_28' title='bbox 445 821 542 883; x_wconf 88' lang='lat' dir='ltr'>usque</span> <span class='ocrx_word' id='word_1_29' title='bbox 570 804 605 863; x_wconf 91' lang='lat' dir='ltr'>ad</span> <span class='ocrx_word' id='word_1_30' title='bbox 634 803 712 863; x_wconf 91' lang='lat' dir='ltr'>diem</span> <span class='ocrx_word' id='word_1_31' title='bbox 740 804 962 880; x_wconf 89' lang='lat' dir='ltr'>nonagesimum</span> <span class='ocrx_word' id='word_1_32' title='bbox 989 819 1096 881; x_wconf 82' lang='lat' dir='ltr'>unum3</span> <span class='ocrx_word' id='word_1_33' title='bbox 1129 808 1198 879; x_wconf 89' lang='lat' dir='ltr'>post</span> <span class='ocrx_word' id='word_1_34' title='bbox 1227 800 1295 860; x_wconf 91' lang='lat' dir='ltr'>bru·</span> 
     </span>
     <span class='ocr_line' id='line_1_6' title="bbox 151 908 1335 991; baseline -0.004 -19"><span class='ocrx_word' id='word_1_35' title='bbox 151 930 241 991; x_wconf 88' lang='lat' dir='ltr'>mam,</span> <span class='ocrx_word' id='word_1_36' title='bbox 265 913 323 971; x_wconf 91' lang='lat' dir='ltr'>nisi</span> <span class='ocrx_word' id='word_1_37' title='bbox 346 928 421 990; x_wconf 87' lang='lat' dir='ltr'>quae</span> <span class='ocrx_word' id='word_1_38' title='bbox 445 911 611 970; x_wconf 92' lang='lat' dir='ltr'>necessaria</span> <span class='ocrx_word' id='word_1_39' title='bbox 636 929 724 971; x_wconf 90' lang='lat' dir='ltr'>causa</span> <span class='ocrx_word' id='word_1_40' title='bbox 748 911 891 989; x_wconf 79' lang='lat' dir='ltr'>coegerit,</span> <span class='ocrx_word' id='word_1_41' title='bbox 915 927 974 969; x_wconf 93' lang='lat' dir='ltr'>non</span> <span class='ocrx_word' id='word_1_42' title='bbox 998 927 1107 988; x_wconf 89' lang='lat' dir='ltr'>serere,</span> <span class='ocrx_word' id='word_1_43' title='bbox 1131 908 1211 987; x_wconf 92' lang='lat' dir='ltr'>quod</span> <span class='ocrx_word' id='word_1_44' title='bbox 1235 915 1297 967; x_wconf 88' lang='lat' dir='ltr'>tan·</span> <span class='ocrx_word' id='word_1_45' title='bbox 1322 919 1335 960; x_wconf 71' lang='lat' dir='ltr'>a</span> 
     </span>
     <span class='ocr_line' id='line_1_7' title="bbox 151 1015 1298 1097; baseline -0.004 -18"><span class='ocrx_word' id='word_1_46' title='bbox 151 1026 215 1079; x_wconf 92' lang='lat' dir='ltr'>tum</span> <span class='ocrx_word' id='word_1_47' title='bbox 238 1019 366 1096; x_wconf 84' lang='lat' dir='ltr'>intersit,</span> <span class='ocrx_word' id='word_1_48' title='bbox 390 1024 423 1077; x_wconf 90' lang='lat' dir='ltr'>ut</span> <span class='ocrx_word' id='word_1_49' title='bbox 447 1024 514 1077; x_wconf 89' lang='lat' dir='ltr'>ante</span> <span class='ocrx_word' id='word_1_50' title='bbox 538 1017 674 1078; x_wconf 87' lang='lat' dir='ltr'>brumam</span> <span class='ocrx_word' id='word_1_51' title='bbox 698 1026 761 1078; x_wconf 89' lang='lat' dir='ltr'>sata</span> <span class='ocrx_word' id='word_1_52' title='bbox 784 1035 860 1097; x_wconf 91' lang='lat' dir='ltr'>quae</span> <span class='ocrx_word' id='word_1_53' title='bbox 883 1019 1009 1096; x_wconf 86' lang='lat' dir='ltr'>septimo</span> <span class='ocrx_word' id='word_1_54' title='bbox 1031 1016 1087 1097; x_wconf 83' lang='lat' dir='ltr'>die,</span> <span class='ocrx_word' id='word_1_55' title='bbox 1110 1015 1215 1075; x_wconf 89' lang='lat' dir='ltr'>bruma</span> <span class='ocrx_word' id='word_1_56' title='bbox 1236 1022 1298 1075; x_wconf 89' lang='lat' dir='ltr'>sata</span> 
     </span>
     <span class='ocr_line' id='line_1_8' title="bbox 152 1123 1300 1205; baseline -0.003 -21"><span class='ocrx_word' id='word_1_57' title='bbox 152 1125 377 1205; x_wconf 90' lang='lat' dir='ltr'>quadragesimo</span> <span class='ocrx_word' id='word_1_58' title='bbox 406 1124 453 1185; x_wconf 91' lang='lat' dir='ltr'>die</span> <span class='ocrx_word' id='word_1_59' title='bbox 481 1126 529 1188; x_wconf 80' lang='lat' dir='ltr'>via</span> <span class='ocrx_word' id='word_1_60' title='bbox 558 1127 693 1190; x_wconf 83' lang='lat' dir='ltr'>existant.</span> <span class='ocrx_word' id='word_1_61' title='bbox 740 1142 836 1204; x_wconf 90' lang='lat' dir='ltr'>neque</span> <span class='ocrx_word' id='word_1_62' title='bbox 866 1133 932 1186; x_wconf 85' lang='lat' dir='ltr'>ante</span> <span class='ocrx_word' id='word_1_63' title='bbox 962 1124 1182 1203; x_wconf 80' lang='lat' dir='ltr'>aequinoctium</span> <span class='ocrx_word' id='word_1_64' title='bbox 1205 1123 1300 1200; x_wconf 89' lang='lat' dir='ltr'>incipi</span> 
     </span>
    </p>

    <p class='ocr_par' dir='ltr' id='par_1_4' title="bbox 124 1231 1343 1847">
     <span class='ocr_line' id='line_1_9' title="bbox 124 1231 1297 1313; baseline -0.003 -21"><span class='ocrx_word' id='word_1_65' title='bbox 124 1263 125 1268; x_wconf 42' lang='lat'>1</span> <span class='ocrx_word' id='word_1_66' title='bbox 153 1239 291 1310; x_wconf 88' lang='lat' dir='ltr'>oportere</span> <span class='ocrx_word' id='word_1_67' title='bbox 319 1239 437 1312; x_wconf 81' lang='lat' dir='ltr'>putant,</span> <span class='ocrx_word' id='word_1_68' title='bbox 470 1231 562 1313; x_wconf 84' lang='lat' dir='ltr'>quod,</span> <span class='ocrx_word' id='word_1_69' title='bbox 591 1234 616 1291; x_wconf 91' lang='lat' dir='ltr'>si</span> <span class='ocrx_word' id='word_1_70' title='bbox 643 1234 742 1292; x_wconf 92' lang='lat' dir='ltr'>minus</span> <span class='ocrx_word' id='word_1_71' title='bbox 769 1231 891 1293; x_wconf 84' lang='lat' dir='ltr'>idoneae</span> <span class='ocrx_word' id='word_1_72' title='bbox 920 1237 1111 1310; x_wconf 87' lang='lat' dir='ltr'>tempestates</span> <span class='ocrx_word' id='word_1_73' title='bbox 1140 1231 1200 1289; x_wconf 89' lang='lat' dir='ltr'>sint</span> <span class='ocrx_word' id='word_1_74' title='bbox 1229 1247 1297 1289; x_wconf 91' lang='lat' dir='ltr'>con-</span> 
     </span>
     <span class='ocr_line' id='line_1_10' title="bbox 127 1338 1299 1419; baseline -0.004 -18"><span class='ocrx_word' id='word_1_75' title='bbox 127 1346 289 1419; x_wconf 83' lang='lat' dir='ltr'>2secutae‚</span> <span class='ocrx_word' id='word_1_76' title='bbox 317 1348 473 1419; x_wconf 83' lang='lat' dir='ltr'>patescere</span> <span class='ocrx_word' id='word_1_77' title='bbox 501 1339 612 1399; x_wconf 87' lang='lat' dir='ltr'>semina</span> <span class='ocrx_word' id='word_1_78' title='bbox 640 1339 762 1400; x_wconf 85' lang='lat' dir='ltr'>soleant.</span> <span class='ocrx_word' id='word_1_79' title='bbox 807 1338 902 1399; x_wconf 88' lang='lat' dir='ltr'>sabam</span> <span class='ocrx_word' id='word_1_80' title='bbox 930 1340 1040 1418; x_wconf 89' lang='lat' dir='ltr'>optime</span> <span class='ocrx_word' id='word_1_81' title='bbox 1068 1340 1127 1397; x_wconf 92' lang='lat' dir='ltr'>seri</span> <span class='ocrx_word' id='word_1_82' title='bbox 1149 1339 1180 1397; x_wconf 94' lang='lat' dir='ltr'>in</span> <span class='ocrx_word' id='word_1_83' title='bbox 1205 1339 1299 1416; x_wconf 90' lang='lat' dir='ltr'>vergi·</span> 
     </span>
     <span class='ocr_line' id='line_1_11' title="bbox 153 1444 1343 1525; baseline -0.003 -19"><span class='ocrx_word' id='word_1_84' title='bbox 153 1447 260 1507; x_wconf 88' lang='lat' dir='ltr'>liarum</span> <span class='ocrx_word' id='word_1_85' title='bbox 292 1464 412 1506; x_wconf 89' lang='lat' dir='ltr'>occasu:</span> <span class='ocrx_word' id='word_1_86' title='bbox 449 1464 520 1506; x_wconf 93' lang='lat' dir='ltr'>uvas</span> <span class='ocrx_word' id='word_1_87' title='bbox 552 1453 651 1506; x_wconf 89' lang='lat' dir='ltr'>autem</span> <span class='ocrx_word' id='word_1_88' title='bbox 683 1446 782 1525; x_wconf 88' lang='lat' dir='ltr'>legere</span> <span class='ocrx_word' id='word_1_89' title='bbox 814 1455 844 1507; x_wconf 93' lang='lat' dir='ltr'>et</span> <span class='ocrx_word' id='word_1_90' title='bbox 876 1447 1052 1506; x_wconf 81' lang='lat' dir='ltr'>vindemiam</span> <span class='ocrx_word' id='word_1_91' title='bbox 1089 1444 1187 1504; x_wconf 85' lang='lat' dir='ltr'>lacere</span> <span class='ocrx_word' id='word_1_92' title='bbox 1220 1446 1298 1504; x_wconf 90' lang='lat' dir='ltr'>inter</span> <span class='ocrx_word' id='word_1_93' title='bbox 1312 1460 1343 1501; x_wconf 84' lang='lat' dir='ltr'>m</span> 
     </span>
     <span class='ocr_line' id='line_1_12' title="bbox 154 1552 1324 1633; baseline -0.003 -20"><span class='ocrx_word' id='word_1_94' title='bbox 154 1555 374 1632; x_wconf 88' lang='lat' dir='ltr'>aequinoctium</span> <span class='ocrx_word' id='word_1_95' title='bbox 393 1553 561 1613; x_wconf 87' lang='lat' dir='ltr'>autumnale</span> <span class='ocrx_word' id='word_1_96' title='bbox 581 1560 611 1612; x_wconf 93' lang='lat' dir='ltr'>et</span> <span class='ocrx_word' id='word_1_97' title='bbox 629 1553 817 1633; x_wconf 85' lang='lat' dir='ltr'>vergiliarum</span> <span class='ocrx_word' id='word_1_98' title='bbox 837 1572 989 1614; x_wconf 90' lang='lat' dir='ltr'>occasum:</span> <span class='ocrx_word' id='word_1_99' title='bbox 1010 1552 1077 1612; x_wconf 92' lang='lat' dir='ltr'>dein</span> <span class='ocrx_word' id='word_1_100' title='bbox 1098 1553 1174 1611; x_wconf 88' lang='lat' dir='ltr'>vites</span> <span class='ocrx_word' id='word_1_101' title='bbox 1193 1558 1324 1629; x_wconf 90' lang='lat' dir='ltr'>putare·</span> 
     </span>
     <span class='ocr_line' id='line_1_13' title="bbox 154 1657 1299 1740; baseline -0.003 -20"><span class='ocrx_word' id='word_1_102' title='bbox 154 1662 286 1738; x_wconf 87' lang='lat' dir='ltr'>incipere</span> <span class='ocrx_word' id='word_1_103' title='bbox 315 1667 345 1720; x_wconf 89' lang='lat' dir='ltr'>et</span> <span class='ocrx_word' id='word_1_104' title='bbox 372 1678 536 1739; x_wconf 87' lang='lat' dir='ltr'>propagare</span> <span class='ocrx_word' id='word_1_105' title='bbox 565 1669 594 1720; x_wconf 86' lang='lat' dir='ltr'>et</span> <span class='ocrx_word' id='word_1_106' title='bbox 623 1678 723 1721; x_wconf 87' lang='lat' dir='ltr'>serere</span> <span class='ocrx_word' id='word_1_107' title='bbox 747 1679 841 1740; x_wconf 91' lang='lat' dir='ltr'>poma.</span> <span class='ocrx_word' id='word_1_108' title='bbox 887 1660 959 1720; x_wconf 90' lang='lat' dir='ltr'>haec</span> <span class='ocrx_word' id='word_1_109' title='bbox 983 1658 1095 1738; x_wconf 87' lang='lat' dir='ltr'>aliquot</span> <span class='ocrx_word' id='word_1_110' title='bbox 1118 1657 1299 1737; x_wconf 87' lang='lat' dir='ltr'>regionibus,</span> 
     </span>
     <span class='ocr_line' id='line_1_14' title="bbox 155 1767 1205 1847; baseline -0.003 -19"><span class='ocrx_word' id='word_1_111' title='bbox 155 1767 208 1828; x_wconf 86' lang='lat' dir='ltr'>ubi</span> <span class='ocrx_word' id='word_1_112' title='bbox 230 1769 375 1828; x_wconf 90' lang='lat' dir='ltr'>maturius</span> <span class='ocrx_word' id='word_1_113' title='bbox 399 1767 508 1846; x_wconf 84' lang='lat' dir='ltr'>frigora</span> <span class='ocrx_word' id='word_1_114' title='bbox 532 1768 607 1827; x_wconf 89' lang='lat' dir='ltr'>fiunt</span> <span class='ocrx_word' id='word_1_115' title='bbox 631 1770 793 1847; x_wconf 88' lang='lat' dir='ltr'>asperiora,</span> <span class='ocrx_word' id='word_1_116' title='bbox 816 1767 923 1828; x_wconf 92' lang='lat' dir='ltr'>melius</span> <span class='ocrx_word' id='word_1_117' title='bbox 946 1785 1038 1827; x_wconf 94' lang='lat' dir='ltr'>verno</span> <span class='ocrx_word' id='word_1_118' title='bbox 1062 1775 1205 1845; x_wconf 86' lang='lat' dir='ltr'>tempore.</span> 
     </span>
    </p>

    <p class='ocr_par' dir='ltr' id='par_1_5' title="bbox 35 1873 1339 2381">
     <span class='ocr_line' id='line_1_15' title="bbox 35 1873 1300 1954; baseline -0.004 -17"><span class='ocrx_word' id='word_1_119' title='bbox 35 1876 141 1937; x_wconf 91' lang='lat' dir='ltr'>XXXV</span> <span class='ocrx_word' id='word_1_120' title='bbox 245 1874 377 1953; x_wconf 89' lang='lat' dir='ltr'>Septimo</span> <span class='ocrx_word' id='word_1_121' title='bbox 413 1874 568 1935; x_wconf 89' lang='lat' dir='ltr'>intervallo</span> <span class='ocrx_word' id='word_1_122' title='bbox 600 1878 678 1935; x_wconf 87' lang='lat' dir='ltr'>inter</span> <span class='ocrx_word' id='word_1_123' title='bbox 711 1875 899 1954; x_wconf 83' lang='lat' dir='ltr'>vergiliarum</span> <span class='ocrx_word' id='word_1_124' title='bbox 931 1892 1070 1935; x_wconf 89' lang='lat' dir='ltr'>occasum</span> <span class='ocrx_word' id='word_1_125' title='bbox 1102 1881 1132 1934; x_wconf 87' lang='lat' dir='ltr'>et</span> <span class='ocrx_word' id='word_1_126' title='bbox 1164 1873 1300 1933; x_wconf 84' lang='lat' dir='ltr'>brumam</span> 
     </span>
     <span class='ocr_line' id='line_1_16' title="bbox 155 1978 1339 2060; baseline -0.005 -18"><span class='ocrx_word' id='word_1_127' title='bbox 155 1982 228 2043; x_wconf 91' lang='lat' dir='ltr'>haec</span> <span class='ocrx_word' id='word_1_128' title='bbox 256 1982 321 2042; x_wconf 89' lang='lat' dir='ltr'>fieri</span> <span class='ocrx_word' id='word_1_129' title='bbox 344 1989 483 2060; x_wconf 91' lang='lat' dir='ltr'>oportere</span> <span class='ocrx_word' id='word_1_130' title='bbox 510 1982 622 2042; x_wconf 87' lang='lat' dir='ltr'>dicunt.</span> <span class='ocrx_word' id='word_1_131' title='bbox 668 2000 768 2043; x_wconf 90' lang='lat' dir='ltr'>serere</span> <span class='ocrx_word' id='word_1_132' title='bbox 792 1982 885 2043; x_wconf 92' lang='lat' dir='ltr'>lilium</span> <span class='ocrx_word' id='word_1_133' title='bbox 909 1989 939 2042; x_wconf 92' lang='lat' dir='ltr'>et</span> <span class='ocrx_word' id='word_1_134' title='bbox 962 1998 1092 2042; x_wconf 89' lang='lat' dir='ltr'>crocum.</span> <span class='ocrx_word' id='word_1_135' title='bbox 1139 1978 1339 2058; x_wconf 77' lang='lat' dir='ltr'>quodiam</span> 
     </span>
     <span class='ocr_line' id='line_1_17' title="bbox 156 2086 1301 2168; baseline -0.003 -18"><span class='ocrx_word' id='word_1_136' title='bbox 156 2092 216 2168; x_wconf 88' lang='lat' dir='ltr'>egit</span> <span class='ocrx_word' id='word_1_137' title='bbox 248 2091 378 2152; x_wconf 91' lang='lat' dir='ltr'>radicem</span> <span class='ocrx_word' id='word_1_138' title='bbox 411 2108 508 2149; x_wconf 89' lang='lat' dir='ltr'>rosam</span> <span class='ocrx_word' id='word_1_139' title='bbox 537 2107 571 2148; x_wconf 91' lang='lat' dir='ltr'>ea</span> <span class='ocrx_word' id='word_1_140' title='bbox 599 2088 736 2149; x_wconf 86' lang='lat' dir='ltr'>conditur</span> <span class='ocrx_word' id='word_1_141' title='bbox 769 2089 912 2149; x_wconf 89' lang='lat' dir='ltr'>radicitus</span> <span class='ocrx_word' id='word_1_142' title='bbox 940 2091 970 2148; x_wconf 93' lang='lat' dir='ltr'>in</span> <span class='ocrx_word' id='word_1_143' title='bbox 998 2086 1127 2166; x_wconf 91' lang='lat' dir='ltr'>virgulas</span> <span class='ocrx_word' id='word_1_144' title='bbox 1156 2086 1301 2165; x_wconf 82' lang='lat' dir='ltr'>palmares</span> 
     </span>
     <span class='ocr_line' id='line_1_18' title="bbox 156 2193 1301 2274; baseline -0.003 -18"><span class='ocrx_word' id='word_1_145' title='bbox 156 2204 186 2257; x_wconf 85' lang='lat' dir='ltr'>et</span> <span class='ocrx_word' id='word_1_146' title='bbox 205 2196 356 2258; x_wconf 89' lang='lat' dir='ltr'>obruitur:</span> <span class='ocrx_word' id='word_1_147' title='bbox 375 2196 448 2256; x_wconf 90' lang='lat' dir='ltr'>haec</span> <span class='ocrx_word' id='word_1_148' title='bbox 467 2195 570 2255; x_wconf 89' lang='lat' dir='ltr'>eadem</span> <span class='ocrx_word' id='word_1_149' title='bbox 588 2204 690 2274; x_wconf 87' lang='lat' dir='ltr'>postea</span> <span class='ocrx_word' id='word_1_150' title='bbox 710 2196 890 2255; x_wconf 78' lang='lat' dir='ltr'>transfertur</span> <span class='ocrx_word' id='word_1_151' title='bbox 909 2195 984 2255; x_wconf 86' lang='lat' dir='ltr'>sacta</span> <span class='ocrx_word' id='word_1_152' title='bbox 999 2193 1149 2253; x_wconf 83' lang='lat' dir='ltr'>viviradix.</span> <span class='ocrx_word' id='word_1_153' title='bbox 1182 2193 1301 2253; x_wconf 89' lang='lat' dir='ltr'>violaria</span> 
     </span>
     <span class='ocr_line' id='line_1_19' title="bbox 157 2299 1302 2381; baseline -0.004 -17"><span class='ocrx_word' id='word_1_154' title='bbox 157 2307 187 2363; x_wconf 92' lang='lat' dir='ltr'>in</span> <span class='ocrx_word' id='word_1_155' title='bbox 206 2304 297 2364; x_wconf 86' lang='lat' dir='ltr'>fundo</span> <span class='ocrx_word' id='word_1_156' title='bbox 317 2304 414 2363; x_wconf 85' lang='lat' dir='ltr'>lacere</span> <span class='ocrx_word' id='word_1_157' title='bbox 433 2320 493 2361; x_wconf 90' lang='lat' dir='ltr'>non</span> <span class='ocrx_word' id='word_1_158' title='bbox 512 2309 558 2361; x_wconf 91' lang='lat' dir='ltr'>est</span> <span class='ocrx_word' id='word_1_159' title='bbox 576 2301 656 2381; x_wconf 85' lang='lat' dir='ltr'>utile,</span> <span class='ocrx_word' id='word_1_160' title='bbox 680 2301 746 2361; x_wconf 91' lang='lat' dir='ltr'>ideo</span> <span class='ocrx_word' id='word_1_161' title='bbox 766 2302 844 2381; x_wconf 91' lang='lat' dir='ltr'>quod</span> <span class='ocrx_word' id='word_1_162' title='bbox 859 2320 981 2362; x_wconf 88' lang='lat' dir='ltr'>necesse</span> <span class='ocrx_word' id='word_1_163' title='bbox 997 2309 1043 2361; x_wconf 90' lang='lat' dir='ltr'>est</span> <span class='ocrx_word' id='word_1_164' title='bbox 1056 2308 1136 2361; x_wconf 88' lang='lat' dir='ltr'>terra</span> <span class='ocrx_word' id='word_1_165' title='bbox 1151 2299 1302 2361; x_wconf 88' lang='lat' dir='ltr'>adruenda</span> 
     </span>
    </p>
   </div>
   <div class='ocr_carea' id='block_1_3' title="bbox 158 2567 1303 2738">
    <p class='ocr_par' dir='ltr' id='par_1_6' title="bbox 158 2567 1303 2738">
     <span class='ocr_line' id='line_1_20' title="bbox 246 2567 1303 2650; baseline 0.002 -16"><span class='ocrx_word' id='word_1_166' title='bbox 246 2588 263 2634; x_wconf 83' lang='lat'>4</span> <span class='ocrx_word' id='word_1_167' title='bbox 281 2582 345 2650; x_wconf 87' lang='lat' dir='ltr'>post</span> <span class='ocrx_word' id='word_1_168' title='bbox 362 2582 491 2636; x_wconf 86' lang='lat' dir='ltr'>brumam</span> <span class='ocrx_word' id='word_1_169' title='bbox 510 2567 564 2633; x_wconf 83' lang='lat' dir='ltr'>nisi</span> <span class='ocrx_word' id='word_1_170' title='bbox 583 2579 807 2648; x_wconf 82' lang='lat' dir='ltr'>quaePlin.18,</span> <span class='ocrx_word' id='word_1_171' title='bbox 826 2583 883 2634; x_wconf 80' lang='lat'>204</span> <span class='ocrx_word' id='word_1_172' title='bbox 973 2586 989 2633; x_wconf 88' lang='lat'><strong>9</strong></span> <span class='ocrx_word' id='word_1_173' title='bbox 1008 2580 1103 2635; x_wconf 86' lang='lat' dir='ltr'>fabam</span> <span class='ocrx_word' id='word_1_174' title='bbox 1123 2579 1230 2650; x_wconf 87' lang='lat' dir='ltr'>optime</span> <span class='ocrx_word' id='word_1_175' title='bbox 1251 2580 1303 2637; x_wconf 85' lang='lat' dir='ltr'>seri</span> 
     </span>
     <span class='ocr_line' id='line_1_21' title="bbox 158 2671 376 2738; baseline 0.005 -13"><span class='ocrx_word' id='word_1_176' title='bbox 158 2671 232 2726; x_wconf 72' lang='lat' dir='ltr'>Pica.</span> <span class='ocrx_word' id='word_1_177' title='bbox 251 2676 297 2738; x_wconf 80' lang='lat'>18,</span> <span class='ocrx_word' id='word_1_178' title='bbox 315 2675 376 2726; x_wconf 77' lang='lat'>228</span> 
     </span>
    </p>
   </div>
   <div class='ocr_carea' id='block_1_4' title="bbox 158 2936 1324 3988">
    <p class='ocr_par' dir='ltr' id='par_1_7' title="bbox 231 2936 1305 3005">
     <span class='ocr_line' id='line_1_22' title="bbox 231 2936 1305 3005; baseline 0.001 -13"><span class='ocrx_word' id='word_1_179' title='bbox 231 2943 245 2992; x_wconf 91' lang='lat'>1</span> <span class='ocrx_word' id='word_1_180' title='bbox 270 2936 404 2992; x_wconf 87' lang='lat' dir='ltr'>constitui</span> <span class='ocrx_word' id='word_1_181' title='bbox 424 2936 516 2992; x_wconf 90' lang='lat' dir='ltr'>PAB</span> <span class='ocrx_word' id='word_1_182' title='bbox 539 2937 697 2992; x_wconf 86' lang='lat' dir='ltr'>construio</span> <span class='ocrx_word' id='word_1_183' title='bbox 786 2938 880 3005; x_wconf 73' lang='lat' dir='ltr'>aratra</span> <span class='ocrx_word' id='word_1_184' title='bbox 898 2937 925 2990; x_wconf 90' lang='lat' dir='ltr'><strong><em>A</em></strong></span> <span class='ocrx_word' id='word_1_185' title='bbox 948 2938 1043 2991; x_wconf 86' lang='lat' dir='ltr'>aratra</span> <span class='ocrx_word' id='word_1_186' title='bbox 1063 2936 1153 2993; x_wconf 87' lang='lat' dir='ltr'>PBm</span> <span class='ocrx_word' id='word_1_187' title='bbox 1176 2940 1305 2995; x_wconf 85' lang='lat' dir='ltr'>aratrov</span> 
     </span>
    </p>

    <p class='ocr_par' dir='ltr' id='par_1_8' title="bbox 228 3025 605 3098">
     <span class='ocr_line' id='line_1_23' title="bbox 228 3025 605 3098; baseline -0.005 -14"><span class='ocrx_word' id='word_1_188' title='bbox 228 3026 341 3098; x_wconf 85' lang='lat' dir='ltr'>inrigua</span> <span class='ocrx_word' id='word_1_189' title='bbox 359 3027 417 3082; x_wconf 92' lang='lat' dir='ltr'>PA</span> <span class='ocrx_word' id='word_1_190' title='bbox 433 3025 539 3098; x_wconf 83' lang='lat' dir='ltr'>irrigua</span> <span class='ocrx_word' id='word_1_191' title='bbox 557 3028 605 3082; x_wconf 87' lang='lat' dir='ltr'>Bo</span> 
     </span>
    </p>

    <p class='ocr_par' dir='ltr' id='par_1_9' title="bbox 158 3115 1324 3630">
     <span class='ocr_line' id='line_1_24' title="bbox 230 3115 1311 3187; baseline 0.001 -17"><span class='ocrx_word' id='word_1_192' title='bbox 230 3123 245 3170; x_wconf 88' lang='grc'>3</span> <span class='ocrx_word' id='word_1_193' title='bbox 277 3115 431 3170; x_wconf 79' lang='lat' dir='ltr'>autumnali</span> <span class='ocrx_word' id='word_1_194' title='bbox 450 3117 478 3169; x_wconf 88' lang='lat' dir='ltr'><strong><em>A</em></strong></span> <span class='ocrx_word' id='word_1_195' title='bbox 510 3116 655 3171; x_wconf 87' lang='lat' dir='ltr'>autunnali</span> <span class='ocrx_word' id='word_1_196' title='bbox 688 3116 716 3170; x_wconf 91' lang='grc' dir='ltr'><strong><em>Β</em></strong></span> <span class='ocrx_word' id='word_1_197' title='bbox 747 3116 911 3171; x_wconf 86' lang='lat' dir='ltr'>auctunnali</span> <span class='ocrx_word' id='word_1_198' title='bbox 948 3116 975 3170; x_wconf 88' lang='lat' dir='ltr'><strong><em>V</em></strong></span> <span class='ocrx_word' id='word_1_199' title='bbox 1043 3124 1060 3171; x_wconf 87' lang='lat'>4</span> <span class='ocrx_word' id='word_1_200' title='bbox 1092 3115 1311 3187; x_wconf 85' lang='lat' dir='ltr'>nonagesimum</span> 
     </span>
     <span class='ocr_line' id='line_1_25' title="bbox 158 3202 1315 3277; baseline 0.001 -19"><span class='ocrx_word' id='word_1_201' title='bbox 158 3223 244 3259; x_wconf 90' lang='lat' dir='ltr'>unum</span> <span class='ocrx_word' id='word_1_202' title='bbox 258 3204 319 3259; x_wconf 90' lang='lat' dir='ltr'>AB</span> <span class='ocrx_word' id='word_1_203' title='bbox 336 3204 569 3274; x_wconf 82' lang='lat' dir='ltr'>nonagensimum</span> <span class='ocrx_word' id='word_1_204' title='bbox 582 3222 668 3259; x_wconf 90' lang='lat' dir='ltr'>unum</span> <span class='ocrx_word' id='word_1_205' title='bbox 684 3203 713 3258; x_wconf 91' lang='lat' dir='ltr'><em>P</em></span> <span class='ocrx_word' id='word_1_206' title='bbox 725 3205 786 3260; x_wconf 82' lang='lat' dir='ltr'>XCI</span> <span class='ocrx_word' id='word_1_207' title='bbox 800 3223 816 3259; x_wconf 86' lang='lat' dir='ltr'><strong><em>v</em></strong></span> <span class='ocrx_word' id='word_1_208' title='bbox 889 3211 904 3259; x_wconf 87' lang='lat'><strong>5</strong></span> <span class='ocrx_word' id='word_1_209' title='bbox 924 3206 998 3276; x_wconf 91' lang='lat' dir='ltr'>qued</span> <span class='ocrx_word' id='word_1_210' title='bbox 1013 3206 1136 3277; x_wconf 85' lang='lat' dir='ltr'>tantum]</span> <span class='ocrx_word' id='word_1_211' title='bbox 1151 3205 1209 3275; x_wconf 79' lang='lat' dir='ltr'>nisi</span> <span class='ocrx_word' id='word_1_212' title='bbox 1230 3202 1315 3274; x_wconf 79' lang='lat' dir='ltr'>quod</span> 
     </span>
     <span class='ocr_line' id='line_1_26' title="bbox 158 3292 1320 3364; baseline 0.001 -15"><span class='ocrx_word' id='word_1_213' title='bbox 158 3296 270 3349; x_wconf 89' lang='lat' dir='ltr'>tantum</span> <span class='ocrx_word' id='word_1_214' title='bbox 287 3293 315 3347; x_wconf 98' lang='grc' dir='ltr'><strong><em>Β</em></strong></span> <span class='ocrx_word' id='word_1_215' title='bbox 386 3300 402 3348; x_wconf 86' lang='grc'><strong>6</strong></span> <span class='ocrx_word' id='word_1_216' title='bbox 421 3310 493 3361; x_wconf 90' lang='lat' dir='ltr'>quae</span> <span class='ocrx_word' id='word_1_217' title='bbox 517 3294 636 3363; x_wconf 88' lang='lat' dir='ltr'>septimo</span> <span class='ocrx_word' id='word_1_218' title='bbox 655 3292 701 3347; x_wconf 90' lang='lat' dir='ltr'>die</span> <span class='ocrx_word' id='word_1_219' title='bbox 719 3293 818 3350; x_wconf 90' lang='lat' dir='ltr'>bruma</span> <span class='ocrx_word' id='word_1_220' title='bbox 837 3295 898 3349; x_wconf 84' lang='lat' dir='ltr'>sala</span> <span class='ocrx_word' id='word_1_221' title='bbox 917 3294 1130 3364; x_wconf 85' lang='lat' dir='ltr'>quadragesimo</span> <span class='ocrx_word' id='word_1_222' title='bbox 1150 3295 1196 3350; x_wconf 88' lang='lat' dir='ltr'>die</span> <span class='ocrx_word' id='word_1_223' title='bbox 1215 3295 1320 3350; x_wconf 69' lang='lat' dir='ltr'>PAR</span> 
     </span>
     <span class='ocr_line' id='line_1_27' title="bbox 160 3381 1324 3455; baseline -0.002 -19"><span class='ocrx_word' id='word_1_224' title='bbox 160 3381 279 3451; x_wconf 85' lang='lat' dir='ltr'>septimo</span> <span class='ocrx_word' id='word_1_225' title='bbox 298 3381 343 3435; x_wconf 88' lang='lat' dir='ltr'>die</span> <span class='ocrx_word' id='word_1_226' title='bbox 362 3399 432 3451; x_wconf 88' lang='lat' dir='ltr'>quae</span> <span class='ocrx_word' id='word_1_227' title='bbox 452 3400 469 3437; x_wconf 90' lang='lat' dir='ltr'>a</span> <span class='ocrx_word' id='word_1_228' title='bbox 486 3383 586 3436; x_wconf 91' lang='lat' dir='ltr'>bruma</span> <span class='ocrx_word' id='word_1_229' title='bbox 605 3383 667 3437; x_wconf 85' lang='lat' dir='ltr'>sata</span> <span class='ocrx_word' id='word_1_230' title='bbox 679 3382 727 3436; x_wconf 87' lang='lat' dir='ltr'>XL</span> <span class='ocrx_word' id='word_1_231' title='bbox 746 3381 792 3437; x_wconf 91' lang='lat' dir='ltr'>die</span> <span class='ocrx_word' id='word_1_232' title='bbox 810 3399 826 3437; x_wconf 85' lang='lat' dir='ltr'>o</span> <span class='ocrx_word' id='word_1_233' title='bbox 898 3383 998 3438; x_wconf 88' lang='lat' dir='ltr'>bruma</span> <span class='ocrx_word' id='word_1_234' title='bbox 1015 3384 1088 3455; x_wconf 86' lang='lat' dir='ltr'>sata]</span> <span class='ocrx_word' id='word_1_235' title='bbox 1107 3384 1223 3450; x_wconf 78' lang='lat' dir='ltr'>fortasse</span> <span class='ocrx_word' id='word_1_236' title='bbox 1241 3383 1324 3453; x_wconf 78' lang='lat' dir='ltr'>posb</span> 
     </span>
     <span class='ocr_line' id='line_1_28' title="bbox 159 3471 1324 3528; baseline 0.003 -4"><span class='ocrx_word' id='word_1_237' title='bbox 159 3471 287 3526; x_wconf 88' lang='lat' dir='ltr'>brumam</span> <span class='ocrx_word' id='word_1_238' title='bbox 310 3472 372 3526; x_wconf 89' lang='lat' dir='ltr'>sata</span> <span class='ocrx_word' id='word_1_239' title='bbox 450 3477 464 3524; x_wconf 80' lang='grc'><strong>7</strong></span> <span class='ocrx_word' id='word_1_240' title='bbox 493 3471 614 3526; x_wconf 84' lang='lat' dir='ltr'>existant</span> <span class='ocrx_word' id='word_1_241' title='bbox 638 3473 698 3526; x_wconf 93' lang='lat' dir='ltr'>PB</span> <span class='ocrx_word' id='word_1_242' title='bbox 721 3472 839 3527; x_wconf 79' lang='lat' dir='ltr'>esistunt</span> <span class='ocrx_word' id='word_1_243' title='bbox 856 3471 885 3527; x_wconf 90' lang='lat' dir='ltr'><strong><em>A</em></strong></span> <span class='ocrx_word' id='word_1_244' title='bbox 916 3474 1017 3528; x_wconf 80' lang='lat' dir='ltr'>exeant</span> <span class='ocrx_word' id='word_1_245' title='bbox 1038 3491 1061 3527; x_wconf 85' lang='lat' dir='ltr'>o.</span> <span class='ocrx_word' id='word_1_246' title='bbox 1105 3471 1164 3525; x_wconf 78' lang='lat' dir='ltr'>‘XL</span> <span class='ocrx_word' id='word_1_247' title='bbox 1189 3472 1236 3527; x_wconf 88' lang='lat' dir='ltr'>die</span> <span class='ocrx_word' id='word_1_248' title='bbox 1260 3473 1324 3527; x_wconf 72' lang='lat' dir='ltr'>uix</span> 
     </span>
     <span class='ocr_line' id='line_1_29' title="bbox 160 3558 1324 3630; baseline 0.002 -15"><span class='ocrx_word' id='word_1_249' title='bbox 160 3559 290 3615; x_wconf 86' lang='lat' dir='ltr'>existant.</span> <span class='ocrx_word' id='word_1_250' title='bbox 327 3558 405 3614; x_wconf 84' lang='lat' dir='ltr'>Haeo</span> <span class='ocrx_word' id='word_1_251' title='bbox 428 3563 466 3613; x_wconf 84' lang='lat' dir='ltr'>eat</span> <span class='ocrx_word' id='word_1_252' title='bbox 488 3565 567 3614; x_wconf 81' lang='lat' dir='ltr'>uetus</span> <span class='ocrx_word' id='word_1_253' title='bbox 590 3562 680 3615; x_wconf 82' lang='lat' dir='ltr'>lectio:</span> <span class='ocrx_word' id='word_1_254' title='bbox 704 3567 786 3616; x_wconf 81' lang='lat' dir='ltr'>autea</span> <span class='ocrx_word' id='word_1_255' title='bbox 807 3563 839 3616; x_wconf 81' lang='lat' dir='ltr'>in</span> <span class='ocrx_word' id='word_1_256' title='bbox 858 3563 976 3630; x_wconf 64' lang='lat' dir='ltr'>eremas,</span> <span class='ocrx_word' id='word_1_257' title='bbox 999 3561 1122 3617; x_wconf 80' lang='lat' dir='ltr'>Exeaut&#39;</span> <span class='ocrx_word' id='word_1_258' title='bbox 1166 3563 1324 3617; x_wconf 78' lang='lat' dir='ltr'>Victorius</span> 
     </span>
    </p>

    <p class='ocr_par' dir='ltr' id='par_1_10' title="bbox 160 3648 1323 3988">
     <span class='ocr_line' id='line_1_30' title="bbox 232 3648 1323 3720; baseline 0.005 -18"><span class='ocrx_word' id='word_1_259' title='bbox 232 3655 248 3702; x_wconf 92' lang='lat'>8</span> <span class='ocrx_word' id='word_1_260' title='bbox 271 3648 327 3702; x_wconf 87' lang='lat' dir='ltr'>sint</span> <span class='ocrx_word' id='word_1_261' title='bbox 350 3648 516 3704; x_wconf 81' lang='lat' dir='ltr'>consecutae</span> <span class='ocrx_word' id='word_1_262' title='bbox 540 3649 597 3704; x_wconf 91' lang='lat' dir='ltr'>VB</span> <span class='ocrx_word' id='word_1_263' title='bbox 621 3653 685 3705; x_wconf 89' lang='lat' dir='ltr'>sunt</span> <span class='ocrx_word' id='word_1_264' title='bbox 708 3654 855 3707; x_wconf 86' lang='lat' dir='ltr'>consecute</span> <span class='ocrx_word' id='word_1_265' title='bbox 874 3653 933 3706; x_wconf 82' lang='lat' dir='ltr'>Am</span> <span class='ocrx_word' id='word_1_266' title='bbox 1005 3659 1021 3706; x_wconf 82' lang='lat'>9</span> <span class='ocrx_word' id='word_1_267' title='bbox 1044 3653 1190 3720; x_wconf 83' lang='lat' dir='ltr'>patescere</span> <span class='ocrx_word' id='word_1_268' title='bbox 1214 3652 1323 3708; x_wconf 84' lang='lat' dir='ltr'>PAB</span> 
     </span>
     <span class='ocr_line' id='line_1_31' title="bbox 160 3739 1239 3813; baseline 0.004 -22"><span class='ocrx_word' id='word_1_269' title='bbox 160 3739 319 3808; x_wconf 87' lang='lat' dir='ltr'>putrescere</span> <span class='ocrx_word' id='word_1_270' title='bbox 346 3753 362 3790; x_wconf 84' lang='lat' dir='ltr'>o</span> <span class='ocrx_word' id='word_1_271' title='bbox 458 3743 490 3792; x_wconf 89' lang='lat'>11</span> <span class='ocrx_word' id='word_1_272' title='bbox 523 3740 685 3794; x_wconf 87' lang='lat' dir='ltr'>autumnale</span> <span class='ocrx_word' id='word_1_273' title='bbox 712 3740 744 3813; x_wconf 75' lang='lat' dir='ltr'>lA</span> <span class='ocrx_word' id='word_1_274' title='bbox 776 3741 927 3796; x_wconf 88' lang='lat' dir='ltr'>autunnale</span> <span class='ocrx_word' id='word_1_275' title='bbox 954 3741 982 3795; x_wconf 92' lang='lat' dir='ltr'><strong><em>B</em></strong></span> <span class='ocrx_word' id='word_1_276' title='bbox 1008 3740 1175 3796; x_wconf 88' lang='lat' dir='ltr'>auctunnale</span> <span class='ocrx_word' id='word_1_277' title='bbox 1211 3742 1239 3795; x_wconf 88' lang='lat' dir='ltr'><strong><em>V</em></strong></span> 
     </span>
     <span class='ocr_line' id='line_1_32' title="bbox 160 3826 1322 3899; baseline 0.005 -20"><span class='ocrx_word' id='word_1_278' title='bbox 160 3826 272 3896; x_wconf 88' lang='lat' dir='ltr'>putare]</span> <span class='ocrx_word' id='word_1_279' title='bbox 297 3842 396 3895; x_wconf 87' lang='lat' dir='ltr'>parare</span> <span class='ocrx_word' id='word_1_280' title='bbox 414 3826 443 3880; x_wconf 88' lang='lat' dir='ltr'><strong><em>A</em></strong></span> <span class='ocrx_word' id='word_1_281' title='bbox 515 3833 548 3882; x_wconf 76' lang='lat'>12</span> <span class='ocrx_word' id='word_1_282' title='bbox 572 3826 683 3898; x_wconf 80' lang='lat' dir='ltr'>aliquot</span> <span class='ocrx_word' id='word_1_283' title='bbox 701 3831 748 3883; x_wconf 86' lang='lat' dir='ltr'>Bo</span> <span class='ocrx_word' id='word_1_284' title='bbox 772 3829 887 3896; x_wconf 87' lang='lat' dir='ltr'>aliquod</span> <span class='ocrx_word' id='word_1_285' title='bbox 907 3827 966 3883; x_wconf 84' lang='grc' dir='ltr'>ΡΑ</span> <span class='ocrx_word' id='word_1_286' title='bbox 1039 3834 1072 3883; x_wconf 80' lang='lat'>15</span> <span class='ocrx_word' id='word_1_287' title='bbox 1094 3830 1210 3896; x_wconf 74' lang='lat' dir='ltr'>fortasse</span> <span class='ocrx_word' id='word_1_288' title='bbox 1234 3843 1322 3899; x_wconf 79' lang='lat' dir='ltr'>quae</span> 
     </span>
     <span class='ocr_line' id='line_1_33' title="bbox 161 3913 1236 3988; baseline 0.004 -20"><span class='ocrx_word' id='word_1_289' title='bbox 161 3915 218 3969; x_wconf 92' lang='lat' dir='ltr'>iam</span> <span class='ocrx_word' id='word_1_290' title='bbox 242 3913 301 3985; x_wconf 87' lang='lat' dir='ltr'>egit</span> <span class='ocrx_word' id='word_1_291' title='bbox 323 3914 446 3971; x_wconf 87' lang='lat' dir='ltr'>radicem</span> <span class='ocrx_word' id='word_1_292' title='bbox 469 3934 546 3987; x_wconf 87' lang='lat' dir='ltr'>rosa,</span> <span class='ocrx_word' id='word_1_293' title='bbox 570 3935 604 3973; x_wconf 85' lang='lat' dir='ltr'>ea</span> <span class='ocrx_word' id='word_1_294' title='bbox 627 3917 783 3973; x_wconf 88' lang='lat' dir='ltr'>conciditur</span> <span class='ocrx_word' id='word_1_295' title='bbox 874 3924 906 3973; x_wconf 88' lang='grc'>16</span> <span class='ocrx_word' id='word_1_296' title='bbox 930 3918 990 3987; x_wconf 87' lang='lat' dir='ltr'>egit</span> <span class='ocrx_word' id='word_1_297' title='bbox 1012 3918 1068 3973; x_wconf 86' lang='lat' dir='ltr'>Vm</span> <span class='ocrx_word' id='word_1_298' title='bbox 1090 3920 1156 3988; x_wconf 86' lang='lat' dir='ltr'>eget</span> <span class='ocrx_word' id='word_1_299' title='bbox 1174 3916 1236 3972; x_wconf 89' lang='lat' dir='ltr'>AB</span> 
     </span>
    </p>
   </div>
   <div class='ocr_carea' id='block_1_5' title="bbox 160 4005 1322 4064">
    <p class='ocr_par' dir='ltr' id='par_1_11' title="bbox 160 4005 1322 4064">
     <span class='ocr_line' id='line_1_34' title="bbox 160 4005 1322 4064; baseline 0.004 -5"><span class='ocrx_word' id='word_1_300' title='bbox 160 4022 254 4060; x_wconf 88' lang='lat' dir='ltr'>rosam</span> <span class='ocrx_word' id='word_1_301' title='bbox 286 4021 320 4060; x_wconf 91' lang='lat' dir='ltr'>ea</span> <span class='ocrx_word' id='word_1_302' title='bbox 351 4005 479 4061; x_wconf 84' lang='lat' dir='ltr'>conditur</span> <span class='ocrx_word' id='word_1_303' title='bbox 502 4007 564 4061; x_wconf 92' lang='lat' dir='ltr'>AB</span> <span class='ocrx_word' id='word_1_304' title='bbox 594 4023 659 4061; x_wconf 87' lang='lat' dir='ltr'>rosa</span> <span class='ocrx_word' id='word_1_305' title='bbox 686 4023 749 4061; x_wconf 88' lang='lat' dir='ltr'>mea</span> <span class='ocrx_word' id='word_1_306' title='bbox 777 4006 904 4063; x_wconf 85' lang='lat' dir='ltr'>conditur</span> <span class='ocrx_word' id='word_1_307' title='bbox 926 4007 955 4061; x_wconf 93' lang='lat' dir='ltr'><strong><em>P</em></strong></span> <span class='ocrx_word' id='word_1_308' title='bbox 977 4024 1042 4062; x_wconf 86' lang='lat' dir='ltr'>rosa</span> <span class='ocrx_word' id='word_1_309' title='bbox 1069 4007 1155 4062; x_wconf 84' lang='lat' dir='ltr'>etiam</span> <span class='ocrx_word' id='word_1_310' title='bbox 1183 4010 1322 4064; x_wconf 79' lang='lat' dir='ltr'>concidi·</span> 
     </span>
    </p>
   </div>
   <div class='ocr_carea' id='block_1_6' title="bbox 161 4095 1320 4189">
    <p class='ocr_par' dir='ltr' id='par_1_12' title="bbox 161 4095 1320 4189">
     <span class='ocr_line' id='line_1_35' title="bbox 161 4095 1320 4189; baseline 0.005 -6"><span class='ocrx_word' id='word_1_311' title='bbox 161 4130 240 4184; x_wconf 84' lang='lat' dir='ltr'>turo</span> <span class='ocrx_word' id='word_1_312' title='bbox 314 4137 346 4186; x_wconf 82' lang='grc'>17</span> <span class='ocrx_word' id='word_1_313' title='bbox 371 4131 442 4187; x_wconf 88' lang='lat' dir='ltr'>haec</span> <span class='ocrx_word' id='word_1_314' title='bbox 468 4133 566 4187; x_wconf 89' lang='lat' dir='ltr'>eadem</span> <span class='ocrx_word' id='word_1_315' title='bbox 588 4131 645 4186; x_wconf 88' lang='lat' dir='ltr'>VB</span> <span class='ocrx_word' id='word_1_316' title='bbox 658 4095 701 4188; x_wconf 68' lang='lat' dir='ltr'>hili</span> <span class='ocrx_word' id='word_1_317' title='bbox 719 4132 817 4187; x_wconf 87' lang='lat' dir='ltr'>eadem</span> <span class='ocrx_word' id='word_1_318' title='bbox 836 4133 863 4186; x_wconf 89' lang='lat' dir='ltr'><strong><em>A</em></strong></span> <span class='ocrx_word' id='word_1_319' title='bbox 881 4132 952 4186; x_wconf 89' lang='lat' dir='ltr'>haee</span> <span class='ocrx_word' id='word_1_320' title='bbox 970 4131 1000 4185; x_wconf 89' lang='lat' dir='ltr'>in</span> <span class='ocrx_word' id='word_1_321' title='bbox 1018 4131 1116 4186; x_wconf 89' lang='lat' dir='ltr'>eadem</span> <span class='ocrx_word' id='word_1_322' title='bbox 1133 4149 1159 4186; x_wconf 89' lang='lat' dir='ltr'>m</span> <span class='ocrx_word' id='word_1_323' title='bbox 1233 4133 1320 4189; x_wconf 49' lang='lat' dir='ltr'>uiui*</span> 
     </span>
    </p>
   </div>
   <div class='ocr_carea' id='block_1_7' title="bbox 160 4235 1321 4315">
    <p class='ocr_par' dir='ltr' id='par_1_13' title="bbox 160 4235 1321 4315">
     <span class='ocr_line' id='line_1_36' title="bbox 160 4235 1321 4315; baseline 0.009 -10"><span class='ocrx_word' id='word_1_324' title='bbox 160 4254 240 4306; x_wconf 87' lang='lat' dir='ltr'>radix</span> <span class='ocrx_word' id='word_1_325' title='bbox 257 4253 316 4308; x_wconf 94' lang='lat' dir='ltr'>PA</span> <span class='ocrx_word' id='word_1_326' title='bbox 334 4257 400 4309; x_wconf 88' lang='lat' dir='ltr'>uiua</span> <span class='ocrx_word' id='word_1_327' title='bbox 413 4256 493 4310; x_wconf 87' lang='lat' dir='ltr'>radix</span> <span class='ocrx_word' id='word_1_328' title='bbox 507 4257 733 4314; x_wconf 82' lang='lat' dir='ltr'>Buiuiradiceo</span> <span class='ocrx_word' id='word_1_329' title='bbox 804 4257 980 4313; x_wconf 87' lang='lat' dir='ltr'>uiolaeriaB</span> <span class='ocrx_word' id='word_1_330' title='bbox 1054 4262 1086 4310; x_wconf 81' lang='lat'>18</span> <span class='ocrx_word' id='word_1_331' title='bbox 1106 4235 1267 4315; x_wconf 73' lang='lat' dir='ltr'>adruendds</span> <span class='ocrx_word' id='word_1_332' title='bbox 1281 4256 1321 4315; x_wconf 78' lang='lat' dir='ltr'><strong><em>A</em></strong></span> 
     </span>
    </p>
   </div>
   <div class='ocr_carea' id='block_1_8' title="bbox 163 4333 1320 4525">
    <p class='ocr_par' dir='ltr' id='par_1_14' title="bbox 163 4333 1320 4525">
     <span class='ocr_line' id='line_1_37' title="bbox 163 4333 1320 4422; baseline 0.01 -11"><span class='ocrx_word' id='word_1_333' title='bbox 163 4333 289 4412; x_wconf 76' lang='lat' dir='ltr'>adruirda</span> <span class='ocrx_word' id='word_1_334' title='bbox 317 4361 345 4413; x_wconf 93' lang='lat' dir='ltr'><em>B</em></span> <span class='ocrx_word' id='word_1_335' title='bbox 376 4361 518 4419; x_wconf 87' lang='lat' dir='ltr'>abruenda</span> <span class='ocrx_word' id='word_1_336' title='bbox 546 4367 575 4420; x_wconf 93' lang='lat' dir='ltr'><strong><em>P</em></strong></span> <span class='ocrx_word' id='word_1_337' title='bbox 600 4367 743 4421; x_wconf 87' lang='lat' dir='ltr'>adrucndo</span> <span class='ocrx_word' id='word_1_338' title='bbox 769 4384 796 4420; x_wconf 84' lang='lat' dir='ltr'>m</span> <span class='ocrx_word' id='word_1_339' title='bbox 823 4366 965 4421; x_wconf 88' lang='lat' dir='ltr'>obruenda</span> <span class='ocrx_word' id='word_1_340' title='bbox 991 4381 1007 4418; x_wconf 84' lang='lat' dir='ltr'>o</span> <span class='ocrx_word' id='word_1_341' title='bbox 1037 4365 1073 4418; x_wconf 90' lang='lat' dir='ltr'>ad</span> <span class='ocrx_word' id='word_1_342' title='bbox 1102 4380 1135 4418; x_wconf 87' lang='lat' dir='ltr'>ea</span> <span class='ocrx_word' id='word_1_343' title='bbox 1163 4366 1320 4422; x_wconf 72' lang='lat' dir='ltr'>obruenda</span> 
     </span>
     <span class='ocr_line' id='line_1_38' title="bbox 164 4447 1319 4525; baseline 0.01 -25"><span class='ocrx_word' id='word_1_344' title='bbox 164 4447 318 4504; x_wconf 76' lang='lat' dir='ltr'>Iucundos.</span> <span class='ocrx_word' id='word_1_345' title='bbox 357 4450 487 4522; x_wconf 79' lang='lat' dir='ltr'>‘Antiqui</span> <span class='ocrx_word' id='word_1_346' title='bbox 505 4456 571 4509; x_wconf 73' lang='lat' dir='ltr'>libri</span> <span class='ocrx_word' id='word_1_347' title='bbox 589 4456 641 4510; x_wconf 78' lang='lat' dir='ltr'>irae</span> <span class='ocrx_word' id='word_1_348' title='bbox 655 4461 737 4524; x_wconf 78' lang='lat' dir='ltr'>purte</span> <span class='ocrx_word' id='word_1_349' title='bbox 751 4457 918 4525; x_wconf 72' lang='lat' dir='ltr'>pertentati,</span> <span class='ocrx_word' id='word_1_350' title='bbox 937 4471 1022 4524; x_wconf 75' lang='lat' dir='ltr'>quare</span> <span class='ocrx_word' id='word_1_351' title='bbox 1040 4455 1176 4509; x_wconf 77' lang='lat' dir='ltr'>communi</span> <span class='ocrx_word' id='word_1_352' title='bbox 1195 4455 1319 4511; x_wconf 70' lang='lat' dir='ltr'>notione</span> 
     </span>
    </p>
   </div>
   <div class='ocr_carea' id='block_1_9' title="bbox 0 0 1514 5026">
    <p class='ocr_par' dir='ltr' id='par_1_15' title="bbox 0 0 1514 5026">
     <span class='ocr_line' id='line_1_39' title="bbox 0 0 1514 5026; baseline 0 0"><span class='ocrx_word' id='word_1_353' title='bbox 0 0 1514 5026; x_wconf 95' lang='lat' dir='ltr'> </span> 
     </span>
    </p>
   </div>
  </div>
 </body>
</html>
