3000 5026
185 341 251 404 214
676 336 861 394 VARRONIS

187 516 257 569 suut
279 507 381 586 plures
405 510 475 588 nati,
500 514 533 567 ut
556 507 676 586 quidam
694 507 816 585 iaciunt,
839 504 1023 584 sequendum
1043 511 1077 564 ut
1096 502 1240 583 quosdam
1264 502 1332 563 snb·

187 615 290 695 durae,
314 633 389 694 quae
414 615 583 674 resiscere
608 613 683 674 solet
706 620 740 673 ut
763 611 872 692 reliqui
895 611 1001 672 melius
1025 619 1170 672 crescant.

139 727 179 784 25
279 719 360 802 Vide,
383 724 481 801 inquit
504 722 628 799 Atticus,
651 739 689 781 ne
712 729 742 781 te
765 720 845 781 saliat
863 728 893 781 et
910 737 1042 780 novenae
1059 720 1134 779 istae
1153 725 1254 797 partes
1273 736 1333 778 non

187 836 293 889 exeant
316 836 399 888 extra
422 830 539 908 pecoris
563 830 687 888 minoris
710 846 744 888 ac
767 828 887 887 maioris
905 844 1022 886 nomen.
1069 844 1128 904 quo
1148 833 1234 904 pacto
1254 827 1333 885 enim

187 945 277 997 erunt
300 936 330 994 in
353 934 443 1007 mulis
466 943 496 995 et
518 934 689 1014 pastoribus
712 951 843 995 novenae
866 940 976 1012 partes,
1000 931 1052 993 ubi
1075 950 1130 992 uec
1149 931 1334 991 admissurae
1353 941 1371 982 Δ5

187 1060 242 1102 nec
275 1042 389 1102 feturae
422 1038 639 1102 observantur?
694 1044 724 1101 in
759 1040 882 1101 canibus
915 1042 993 1101 cuim
1027 1039 1111 1099 video
1143 1056 1232 1118 posse
1267 1037 1333 1098 dici

139 1148 243 1212 26sed
273 1148 310 1208 do
333 1150 423 1208 etiam
445 1150 477 1209 in
500 1148 670 1209 homiuibus
693 1167 781 1227 posse
804 1149 995 1208 novenarium
1019 1147 1143 1206 retineri
1166 1163 1335 1226 numerum,

187 1255 266 1335 quod
299 1258 330 1316 iu
362 1255 496 1316 hibernis
528 1255 637 1316 habeut
670 1257 701 1315 iu
733 1254 809 1315 villis
842 1254 996 1333 mulieres,
1034 1253 1153 1333 quidam
1188 1254 1276 1312 etiam
1304 1253 1335 1311 in

187 1363 319 1443 aestivis,
347 1372 377 1423 et
406 1362 435 1422 id
459 1365 609 1441 pertinere
632 1370 751 1443 putant,
780 1380 838 1441 quo
867 1360 982 1422 facilius
1009 1360 1045 1420 ad
1072 1377 1178 1439 greges
1200 1366 1336 1438 pastores

187 1472 336 1531 retineant
359 1477 389 1530 et
407 1471 567 1548 puerperio
587 1469 725 1530 familiam
745 1471 853 1531 iaciant
872 1470 1013 1529 maiorem
1033 1475 1063 1529 et
1081 1486 1144 1528 rem
1163 1468 1334 1546 pecuariam
1347 1477 1376 1518 lc

189 1578 426 1638 fructuosiorem.
474 1576 514 1658 Si,
537 1569 667 1659 inquam,
691 1595 832 1638 numerus
856 1595 917 1637 non
939 1583 986 1636 est
1008 1583 1043 1636 ut
1066 1577 1105 1636 sit
1128 1574 1162 1634 ad
1183 1575 1335 1652 amussim,

188 1693 221 1745 ut
248 1703 307 1744 non
337 1691 395 1764 est,
423 1702 491 1744 cum
523 1684 649 1744 dicimus
678 1683 756 1744 mille
785 1702 874 1744 naves
892 1685 957 1744 isse
981 1683 1016 1743 ad
1040 1681 1175 1762 Troiam,
1202 1688 1334 1741 centum·

187 1789 278 1851 virale
307 1808 373 1850 csse
400 1790 544 1851 iudicium
572 1791 691 1852 Romae.
737 1809 829 1871 quare
857 1790 956 1869 deme,
984 1791 1010 1850 si
1039 1792 1095 1869 vis,
1123 1789 1198 1850 duas
1226 1806 1276 1849 res
1298 1789 1335 1848 de

140 1903 180 1960 27
192 1897 290 1978 mulis,
304 1897 498 1958 admissuram
513 1906 543 1958 ct
552 1907 713 1978 parturam.
741 1897 874 1978 Vaccius,
889 1893 1070 1957 Parturam?
1088 1897 1195 1976 inquit,
1209 1895 1335 1974 proinde

188 2013 221 2066 ut
246 2022 305 2064 nou
329 2003 507 2083 aliquotiens
531 2006 647 2066 dicatur
670 2005 780 2066 Romae
803 2006 957 2085 peperisse
980 2005 1098 2065 mulam.
1144 2002 1200 2064 Cui
1224 2021 1279 2081 ego
1304 2010 1373 2064 ut?

189 2113 388 2192 succinerem,
421 2111 535 2172 subicio
567 2112 721 2192 Magonem
750 2120 779 2173 et
812 2112 984 2192 Dionysium
1017 2111 1165 2190 scribere,
1197 2109 1279 2171 mula
1307 2117 1336 2170 ct

188 2237 263 2299 equa
287 2237 355 2280 oum
379 2222 583 2301 conceperint,
607 2220 783 2281 duodecimo
806 2236 909 2280 mense
932 2237 1046 2298 parere
1092 2236 1184 2297 quare
1209 2235 1284 2298 non,
1312 2218 1337 2277 si

187 2326 236 2386 hic
265 2328 295 2384 in
324 2325 406 2386 italia
436 2345 503 2387 curn
531 2330 648 2406 peperit
676 2327 754 2387 mula
782 2329 821 2387 sit
848 2333 1033 2407 portentum,
1061 2325 1205 2386 adsentiri
1233 2342 1336 2385 omnes

189 2440 293 2492 terras.
336 2451 432 2511 neque
452 2435 532 2493 enim
551 2433 728 2494 hirundines
747 2444 777 2495 et
796 2436 936 2514 ciconiae,
960 2451 1035 2512 quae
1054 2434 1085 2493 io
1104 2431 1186 2492 italia
1206 2433 1337 2512 pariunt,
1358 2480 1376 2505 ,

187 2540 218 2598 in
242 2537 380 2599 omnibus
403 2542 493 2600 terris
516 2543 644 2619 pariunt.
691 2559 749 2600 nou
774 2543 857 2601 scitis
881 2539 1024 2620 palmulas
1043 2546 1176 2600 careotas
1196 2542 1230 2600 iu
1249 2537 1335 2614 Suria
1355 2562 1376 2596 1

143 2649 182 2706 28
194 2663 299 2724 parcre
329 2643 374 2722 [iu
402 2646 519 2727 iurea],·
540 2649 571 2707 in
594 2646 676 2707 ltalia
703 2665 764 2707 non
788 2645 899 2726 posse?
944 2647 1002 2708 Sed
1027 2646 1137 2726 Scrofa,
1162 2645 1194 2705 Si
1218 2647 1376 2724 erigere:¹

263 2804 295 2852 16
315 2797 423 2854 subicio
442 2798 592 2870 Magonem
613 2799 714 2857 Uolum.
738 2800 784 2856 VI
800 2805 844 2870 37,
864 2807 881 2857 3

262 2941 401 2997 liatiunt
418 2942 446 2997 A
518 2941 640 2998 subduas
659 2943 703 3000 A⁴

260 3027 388 3098 3inqnit
409 3028 464 3084 VB
483 3029 582 3099 inquid
600 3030 628 3084 A
700 3031 793 3103 fallet]
814 3032 912 3086 stellet
929 3031 958 3086 A
1009 3048 1100 3087 nouae
1118 3049 1154 3086 ne
1172 3031 1244 3086 istae
1257 3032 1288 3086 Β

190 3121 335 3174 50101110
354 3119 448 3173 ierunt
463 3119 553 3174 PAB
626 3119 787 3174 dfoeturae
806 3120 833 3174 V
902 3118 932 3173 in
951 3120 1065 3176 cunibus
1083 3119 1158 3175 enim
1177 3118 1264 3175 uideo
1281 3121 1376 3176 Pae

189 3209 219 3263 in
244 3207 358 3263 cunibus
381 3206 464 3262 uideo
488 3208 536 3263 Bo
627 3207 786 3263 trotineri
809 3209 957 3264 Iucundos
979 3209 1099 3264 retinere
1123 3207 1215 3263 VAB
1308 3216 1376 3264 lt)

190 3298 330 3353 faciente
356 3296 465 3352 faciunt
483 3297 572 3352 PAB
646 3304 677 3352 11
703 3297 727 3351 si
748 3298 862 3367 inquam
886 3299 974 3354 VAm
997 3298 1040 3354 sin
1058 3297 1173 3368 inquam
1192 3301 1220 3355 B
1239 3300 1376 3356 steina

190 3403 273 3456 quam
299 3386 416 3442 Ursinus
430 3428 436 3440 .
450 3388 567 3452 sortasse
583 3387 632 3442 sed
650 3385 765 3455 inquam
839 3393 872 3441 13
890 3387 1022 3442 iuditium
1040 3388 1069 3442 A
1141 3396 1175 3444 14
1194 3391 1376 3459 parturum:

186 3477 283 3546 priore
306 3477 363 3531 loco
381 3475 474 3531 PAB.
494 3476 686 3545 parituramu
757 3477 870 3532 uaccius
890 3478 946 3532 ΡΒ
967 3494 1054 3531 uacca
1072 3475 1115 3532 ius
1134 3478 1162 3532 A
1181 3479 1297 3535 euscius
1315 3494 1376 3535 τε

191 3565 306 3620 Vectius
330 3581 347 3619 u
438 3566 582 3633 periuram
605 3566 755 3634 posteriorc
778 3568 834 3622 loeo
855 3566 883 3618 P
904 3568 1047 3635 pasturam
1064 3567 1125 3629 AB
1148 3566 1307 3638 pariturum

295 3653 389 3722 inquit
412 3653 468 3706 VB
487 3652 584 3720 inquid
602 3655 629 3707 A
738 3661 771 3709 16
790 3653 897 3709 subicio
914 3671 941 3708 m
960 3654 1070 3725 subigis
1090 3658 1117 3710 A
1136 3656 1260 3729 subiigio
1282 3661 1376 3715 P‘..

193 3741 310 3796 subiicio
329 3758 345 3796 o
408 3739 559 3795 dionisium
573 3743 600 3795 A
663 3742 740 3798 mula
758 3744 788 3798 et
806 3759 882 3809 equa
891 3742 981 3797 PAB
999 3745 1104 3799 mulam
1123 3748 1152 3800 et
1171 3763 1276 3816 equam
1293 3765 1376 3804 ut

265 3836 298 3884 17
322 3847 384 3883 cum
409 3830 599 3904 conceperint]
618 3849 670 3887 eon
689 3832 867 3902 conceperint
885 3834 912 3886 A
986 3839 1018 3886 19
1043 3833 1167 3890 ciconiae
1186 3836 1249 3890 AB
1267 3838 1353 3894 'cic-

192 3935 262 4032 1000
284 3918 311 3973 V
389 3935 460 3987 quce
484 3919 539 3974 Vm
559 3921 606 3998 qui
624 3921 684 3975 AB
765 3927 799 3975 20
818 3921 977 3977 hominibus
996 3939 1065 3978 corr.
1085 3923 1215 3980 omnibus
1233 3927 1263 3982 A

193 4043 254 4099 sitis
279 4045 307 4099 A
378 4044 518 4114 palmulas
541 4047 573 4100 iu
595 4047 719 4115 marcius
741 4046 769 4099 A
841 4047 968 4101 careotas
993 4047 1085 4101 PAB
1108 4050 1269 4108 ceriotaso

191 4133 222 4188 in
241 4133 316 4203 syria
329 4134 473 4189 Iucundus
492 4134 594 4204 syriam
614 4135 704 4189 VAB
757 4141 790 4189 21
809 4136 839 4189 in
857 4135 936 4190 iures
954 4138 1033 4207 (corr.
1048 4136 1078 4190 in
1091 4136 1175 4193 iudea
1189 4140 1228 4209 A)
1242 4140 1273 4194 in
1286 4140 1376 4196 '11

192 4274 232 4327 lis
249 4276 310 4328 AB
321 4224 486 4329 0111111111ῧὶ1]
504 4276 586 4331 italic
605 4278 676 4332 Pin
694 4275 778 4332 indes
796 4277 826 4331 in
844 4278 926 4333 italia
944 4296 970 4333 uc
988 4279 1115 4335 innectes
1134 4281 1164 4335 in
1175 4279 1284 4337 italiam
1335 4295 1376 4331 1

194 4360 237 4414 ‘In
256 4362 371 4429 iudaea,
394 4363 425 4415 in
443 4363 527 4418 Italic
550 4383 605 4420 non
622 4382 718 4435 posse.
762 4366 843 4421 Vetus
866 4368 957 4434 lectio,
980 4367 1012 4421 Iu
1035 4367 1125 4438 iures,
1150 4371 1285 4441 costipauc'
1361 4386 1376 4416 ⁴

194 4450 321 4522 tuocum,
338 4466 395 4505 reu
412 4452 501 4521 o‘psmu
519 4460 632 4522 secutus,
650 4455 682 4509 In
701 4455 815 4512 Iudaeu’
850 4455 988 4513 Victorius
