3000 5026
432 334 562 389 RERVM
581 333 818 389 nvsrrclrtvm
836 334 903 389 LIB.
922 334 959 387 111
979 325 1056 383 8--9
1253 332 1318 397 289

173 519 296 580 magnos
323 501 453 583 fructus,
481 511 515 562 ut
544 504 668 562 maxime
697 502 907 562 factitaverunt
933 499 1057 579 Deliaci,
1085 498 1159 559 baec
1187 499 1319 576 quinque

173 610 300 669 maxime
323 608 557 670 animadvertant
580 617 710 688 oportet:
734 610 770 670 de
794 610 953 688 emptione,
977 604 1163 668 cuiusmodi
1182 613 1212 665 et
1231 622 1318 683 quam

173 714 283 776 multas
305 723 425 796 parent,
448 715 485 776 de
510 716 619 797 fetura,
643 734 730 794 quern
754 715 790 775 ad
814 714 935 775 modum
959 713 1114 774 admittant
1138 719 1167 772 et
1189 713 1319 790 pariant;

175 821 211 882 de
235 822 306 902 ovis,
332 840 421 901 quem
444 823 479 883 ad
504 823 622 886 modum
646 821 790 883 incubent
813 829 843 881 et
866 821 1025 898 excudent3
1049 819 1085 878 de
1109 817 1207 896 pullis,
1231 835 1319 896 quem

146 927 356 989 salmonum
380 938 410 989 et
432 948 448 989 a
473 929 580 1008 quibus
604 929 778 990 educentur.
822 929 904 989 bisce
928 926 1073 1006 appendix
1100 926 1227 986 adicitur
1251 942 1320 1003 pars

173 1036 289 1116 quinta,
322 1054 410 1114 quem
441 1035 477 1096 ad
507 1037 628 1097 modum
657 1038 838 1115 saginentur.
889 1054 905 1095 e
934 1037 1001 1114 quis
1029 1034 1126 1094 tribus
1154 1031 1344 1112 generibus3

173 1144 295 1220 proprio
329 1143 447 1202 nomine
480 1153 622 1205 vocantur
655 1144 884 1223 feminaequae
913 1151 983 1203 sunt
1016 1141 1158 1202 villaticae
1187 1139 1320 1219 gallinae,

161 1266 271 1332 'mares
295 1247 376 1329 galli,
400 1252 466 1328 capi
489 1253 669 1331 semimares,
694 1251 772 1330 quod
796 1259 866 1311 sunt
890 1250 1019 1311 castrati.
1065 1246 1157 1326 gallos
1181 1254 1321 1326 castrant,

174 1366 208 1416 nt
227 1356 289 1416 sint
308 1357 383 1436 capi,
406 1356 544 1419 candenti
563 1357 642 1418 ferro
661 1359 817 1418 inurentes
836 1357 871 1417 ad
892 1358 991 1416 infima
1012 1373 1108 1435 crura,
1132 1372 1228 1434 usque
1247 1353 1318 1413 dum

133 1478 158 1518 ro
173 1469 337 1541 rumpatur.
392 1471 421 1523 at
456 1464 533 1542 quod
571 1472 650 1525 extat
684 1464 784 1545 ulcuS,
821 1463 957 1525 oblinunt
990 1462 1089 1541 figlina
1122 1470 1211 1522 creta.
1262 1460 1346 1538 quid

173 1576 289 1647 spectat
321 1576 355 1629 ut
386 1569 629 1631 ornithoboscion
662 1571 828 1650 perlectum
860 1569 981 1646 habeat,
1015 1568 1128 1629 scilicet
1148 1552 1265 1645 ‘genera
1293 1567 1321 1625 ei

174 1676 231 1734 tria
254 1675 394 1757 paranda,
417 1680 543 1739 maxime
567 1677 708 1738 villaticas
732 1676 862 1757 gallinas.
895 1696 912 1736 e
936 1678 1003 1756 quis
1027 1677 1058 1735 in
1081 1675 1212 1753 parando
1232 1673 1322 1752 eligat

174 1789 294 1861 oportet
320 1773 473 1864 fecundas,
498 1784 673 1864 plerumque
699 1784 865 1846 rubicunda
888 1783 1000 1862 pluma,
1024 1784 1117 1861 nigris
1140 1783 1253 1860 pinnis,
1277 1783 1320 1840 in·

172 1886 296 1966 paribus
320 1888 428 1969 digitis,
453 1893 566 1968 magnis
590 1890 746 1972 capitibus,
755 1893 860 1973 ,crista
884 1897 991 1970 erecta,
1016 1889 1139 1968 amplas:
1162 1890 1217 1950 bae
1241 1890 1321 1949 enim

133 2011 159 2051 ro
173 1994 210 2055 ad
238 1997 390 2074 portiones
419 2007 489 2057 sunt
517 2000 654 2076 aptiores.
701 1998 793 2078 gallos
822 1998 932 2058 salaces
961 1996 1039 2076 [qui]
1069 1994 1346 2075 animadvertunt,5

173 2103 201 2161 si
223 2109 294 2162 sunt
318 2101 469 2184 lacertosi,
492 2104 613 2166 rubenti
636 2108 736 2180 crista,
762 2113 858 2165 rostro
882 2103 966 2163 brevi
988 2103 1076 2182 pleno
1101 2113 1201 2183 acuto,
1226 2101 1319 2162 oculis

172 2210 252 2269 ravis
276 2217 328 2269 aut
351 2211 453 2290 nigris,
476 2211 559 2290 palea
584 2211 673 2273 rubra
696 2211 900 2292 subalbicanti,
925 2211 999 2272 collo
1019 2213 1100 2271 vario
1120 2219 1170 2272 aut
1189 2209 1320 2289 aureolo,

173 2315 335 2375 seminibus
368 2315 484 2396 pilosis,
521 2317 661 2380 cruribus
693 2318 846 2399 brevibus,
884 2317 1034 2397 unguibus
1067 2317 1175 2396 longis,
1218 2315 1320 2376 caudis

173 2425 302 2503 magnis,
335 2422 541 2501 frequentibus
574 2427 686 2507 pinnis3
719 2429 790 2487 item
824 2429 875 2505 qui
905 2403 1072 2486 elati-‘sunt
1100 2443 1134 2486 ao
1158 2424 1321 2485 vociferant

130 2543 159 2582 2⁰
174 2547 273 2610 saepe,
293 2531 324 2589 in
344 2532 505 2590 certamine
524 2535 701 2615 pertinaces,
720 2542 750 2595 et
769 2535 822 2613 qui
839 2533 973 2593 animalia
994 2551 1069 2613 quae
1085 2539 1193 2592 nocent
1207 2530 1322 2610 gallinis

173 2653 235 2696 non
264 2636 350 2696 modo
379 2655 439 2697 non
464 2641 690 2719 pertimescant,
718 2638 770 2698 sed
794 2641 882 2699 etiam
906 2657 960 2717 pro
984 2638 1101 2716 gallinis
1124 2646 1322 2717 propugnant.

173 2761 231 2803 nec
258 2750 358 2803 tamen
386 2745 570 2824 sequendum
594 2746 625 2805 in
649 2746 773 2804 seminio
796 2744 921 2822 legendo
945 2747 1112 2824 tanagricos
1143 2754 1174 2806 et
1196 2745 1347 2818 melicos6

173 2903 388 2910 —--—.-—.

230 2993 246 3041 8
264 2987 356 3055 gallos
376 2989 500 3042 castrant
520 2988 595 3040 Ptin.
611 2992 655 3052 10,
675 2990 710 3040 50
766 2991 781 3038 9
801 2985 933 3039 candenti
950 2986 1022 3038 ferro
1043 2986 1191 3055 Charisp.
1207 2992 1323 3053 125,15

250 3081 282 3129 12
302 3091 317 3128 e
338 3076 400 3144 quis
418 3076 448 3130 11
467 3076 592 3145 parando
612 3076 701 3145 eligat
721 3075 796 3128 Plio.
816 3079 935 3140 10,156

268 3313 281 3359 1
310 3306 409 3361 deliaci
435 3307 491 3362 VB
511 3305 624 3361 deliacii
646 3306 674 3359 A
697 3298 837 3359 deliciacii
860 3323 886 3359 nt
976 3312 991 3359 2
1017 3304 1242 3361 animaduerterit
1269 3308 1323 3360 VB

176 3394 405 3467 animaduerterit
428 3395 455 3449 A
479 3395 685 3449 animaduertat
708 3412 734 3448 nc
806 3401 822 3447 3
846 3394 950 3448 multus
974 3395 1000 3447 A
1073 3394 1108 3448 de
1131 3395 1223 3449 fetura
1242 3397 1270 3450 Β
1290 3397 1324 3450 de

176 3483 286 3537 sectura
310 3484 338 3536 A
361 3485 395 3538 de
418 3483 529 3537 foetura
559 3482 584 3535 V
664 3489 680 3536 5
703 3483 824 3552 apendix
846 3484 872 3536 A
955 3490 971 3538 6
995 3501 1010 3538 e
1033 3484 1094 3553 quis
1118 3487 1220 3550 ABm,
1245 3487 1324 3539 sede

176 3574 334 3627 dorostoro
352 3571 392 3626 A²
415 3589 449 3626 ex
472 3572 533 3640 quis
553 3573 580 3625 P
601 3589 634 3624 ex
658 3572 796 3640 quibuao
889 3572 1065 3627 lloeminue
1090 3572 1116 3625 V
1203 3572 1324 3626 8semi-

177 3679 270 3715 mares
298 3678 389 3715 mares
417 3659 491 3728 quod
510 3660 538 3712 A
612 3667 644 3713 10
672 3663 819 3728 rumpatur
839 3660 894 3715 ΡΒ
917 3663 1053 3730 runpatur
1071 3663 1099 3714 A
1122 3664 1286 3731 rumpantur
1309 3679 1324 3714 o

261 3749 304 3820 at]
324 3766 356 3803 ac
381 3749 498 3803 Ursinus
578 3748 686 3818 fliglina
705 3740 744 3801 Av
804 3751 880 3803 certo
899 3767 967 3804 corr.
988 3755 1064 3804 creta
1082 3751 1109 3804 A
1181 3751 1229 3819 qui
1248 3766 1325 3819 epec-

177 3838 222 3891 tat
246 3837 303 3890 VB
327 3837 388 3905 quis
412 3840 493 3907 petat
511 3837 569 3890 Ant
662 3845 691 3890 11
718 3836 827 3891 sciliceb
845 3839 904 3892 Ant
926 3839 966 3892 ric
985 3839 1051 3893 lieet
1069 3840 1126 3892 PB
1146 3840 1202 3893 sini
1225 3839 1325 3894 licebv

269 3943 372 3995 genera
392 3926 416 3979 ei
435 3927 491 3980 tria
512 3926 568 3978 ΡΑ
587 3943 691 3995 genera
710 3927 739 3980 el
757 3927 811 3980 tria
829 3927 858 3980 Β
876 3928 932 3981 tria
950 3945 1086 3997 genereo
1175 3936 1207 3981 12
1226 3943 1324 3997 paran-

180 4014 246 4068 dum
265 4015 389 4084 Scaliger·
475 4014 581 4083 eligent
598 4017 626 4068 A
714 4021 745 4069 13
765 4015 915 4070 foecundas
934 4018 1088 4085 plerunque
1113 4017 1139 4068 V
1221 4017 1326 4084 inpari·

179 4103 232 4158 bus
250 4104 279 4159 A
298 4102 452 4171 imparibus
475 4103 530 4158 VB
614 4111 646 4157 14
665 4105 773 4172 amplas
795 4105 853 4158 ΡΒ
873 4104 980 4172 amplas
1004 4106 1032 4157 A
1051 4102 1145 4170 ampla
1163 4121 1209 4157 mv
1293 4111 1324 4158 15

180 4195 228 4261 qui
251 4191 514 4248 animaduertunlur
532 4192 667 4247 Gesnerus
758 4200 790 4247 17
815 4193 899 4245 rubra
921 4191 976 4244 VB
999 4193 1085 4245 rubea
1108 4209 1176 4248 corr.
1195 4193 1280 4246 rubra
1298 4196 1326 4247 A

179 4282 267 4337 rubea
285 4299 312 4335 no
404 4284 436 4332 18
460 4279 627 4334 foeminibus
656 4282 682 4334 V
770 4288 801 4334 21
827 4285 1003 4350 propugnant
1026 4280 1081 4333 VB
1103 4285 1281 4351 propugnant
1299 4284 1326 4336 A

178 4371 308 4440 pugnant
326 4387 353 4424 nt
426 4376 458 4422 22
479 4370 594 4424 melicos
619 4370 706 4423 VAB
725 4369 848 4424 medicos
866 4370 1060 4424 nvIucundna.
1090 4370 1280 4442 <Tanagricos
1300 4376 1328 4426 et

178 4459 313 4514 Medicos.
347 4460 386 4513 Iu
405 4459 527 4528 antiquis
546 4459 624 4512 libris
642 4458 772 4527 Melicos,
791 4460 926 4529 corrupte’
951 4459 1089 4515 Victorius

1060 4559 1114 4610 19*
