3000 5026
492 116 621 199 suurn
639 143 876 201 avsrrcsavn
893 145 962 200 nro.
982 147 1007 200 u
1029 149 1046 205 r
1281 150 1346 214 245

200 308 350 389 emptione
382 310 534 371 dominum
562 319 691 392 mutant,
723 323 757 373 ut
790 314 821 372 in
848 313 959 374 Mamili
986 315 1153 376 actionibus
1182 326 1252 376 sunt
1279 335 1345 396 per-

200 419 320 496 scripta
1156 493 1159 500 Ι

287 523 438 606 Equinum
466 543 558 604 pecus
585 526 768 604 pascendum
794 528 826 586 in
849 529 942 606 pratis
966 530 1152 606 potissimum
1175 528 1282 611 herba,
1308 532 1340 590 in
1375 537 1383 592 i

201 632 325 695 stabulis
348 651 382 695 ac
406 632 600 712 praesepibus
623 632 706 693 arido
730 633 829 715 laeuo,
853 653 921 695 cum
945 644 1137 717 pepererunt,
1160 636 1272 697 hordeo
1296 636 1344 696 ad·

177 742 277 803 ⁵iecto
296 741 343 803 bis
362 740 409 802 die
428 741 495 802 data
514 759 597 820 aqua.
644 739 750 801 borum
770 740 883 811 feturae
903 744 1020 803 initium
1040 730 1228 803 admissionis
1247 743 1343 804 lacere

201 855 318 928 oportet
349 847 386 908 ab
419 850 605 927 aequinoctio
638 866 729 908 veruo
761 848 796 908 ad
831 847 1003 930 solstitium,
1037 858 1069 910 ut
1102 859 1205 927 partus
1238 850 1344 910 idoneo

202 962 333 1034 tempore
366 955 424 1015 liat.
474 954 649 1015 duodecimo
683 957 761 1015 enim
794 973 896 1015 meuse
925 956 972 1016 die
1000 956 1115 1016 decimo
1143 960 1225 1017 aiunt
1253 960 1344 1018 nasci.

203 1080 275 1141 quae
303 1069 371 1141 post
395 1072 511 1140 tempus
536 1070 713 1142 nascuntur,
741 1061 803 1122 lere
828 1064 930 1122 vitiosa
954 1072 1042 1141 atque
1066 1063 1181 1123 inutilia
1205 1064 1344 1124 existunt.

204 1169 355 1230 admittere
383 1175 513 1247 oportet,
540 1187 608 1229 curn
637 1176 754 1247 tempus
783 1171 853 1229 anni
881 1172 1006 1248 venerit,
1035 1169 1081 1229 bis
1109 1170 1168 1250 die,
1197 1189 1281 1231 inane
1310 1180 1340 1231 et
1373 1176 1391 1233 8

172 1287 338 1356 1⁰vespere,
365 1293 419 1352 per
447 1276 573 1353 origam:
601 1277 644 1336 sic
673 1275 839 1355 appellatur
868 1275 1000 1354 qui[qui]
1026 1277 1161 1338 admittit.
1208 1296 1242 1337 eo
1266 1279 1344 1338 enim

206 1383 350 1445 adiutante
379 1399 454 1461 equa
483 1380 598 1459 alligata
626 1382 754 1443 celerius
782 1383 992 1463 admittuntur,
1021 1402 1117 1463 neque
1141 1386 1209 1463 equi
1234 1384 1344 1446 lrustra

207 1490 361 1569 cupiditate
390 1488 501 1566 inpulsi
529 1506 630 1548 scaren
658 1491 779 1550 eiciunt.
826 1490 921 1568 quaad
950 1492 1021 1550 satis
1045 1492 1084 1549 sit
1107 1490 1235 1572 admitti,
1263 1494 1343 1570 ipsae
1376 1571 1380 1575 Ι

207 1597 381 1675 significant,
409 1595 487 1674 quod
512 1613 543 1655 se
567 1595 738 1657 defendunt.
786 1599 811 1657 si
835 1597 985 1658 lastidium
1010 1596 1133 1656 saliendi
1158 1605 1216 1676 est,
1245 1574 1384 1658 scillae*

203 1704 330 1765 medium
353 1711 512 1764 conterunt
535 1721 603 1763 cum
627 1721 702 1781 aqua
725 1704 761 1763 ad
786 1703 881 1764 mellis
905 1704 1147 1765 crassitudinem:
1171 1712 1234 1764 tum
1258 1722 1291 1763 ea
1312 1722 1343 1763 re

147 1827 180 1868 is
198 1821 335 1871 naturam
367 1829 473 1890 equae,
506 1827 575 1870 cum
607 1828 725 1871 meuses
758 1811 871 1891 lerunt,
904 1818 1042 1888 tangunt:
1075 1819 1177 1871 contra
1206 1810 1242 1870 ab
1270 1810 1343 1870 locis

190 1933 290 1996 equae
318 1936 405 1978 nares
433 1919 503 1995 equi
532 1926 663 1995 tangunt.
710 1918 827 1976 tametsi
850 1915 1037 1998 incredibile,
1066 1919 1144 1997 quod
1169 1936 1226 1978 usu
1251 1920 1338 1997 veuit,
1372 1923 1389 1979 9
1451 1973 1473 2005 3

142 2027 358 2127 Χ1111111111
388 2023 612 2085 mandandum!
641 2042 723 2104 cum,
752 2042 847 2103 equus
876 2031 999 2083 matrem
1028 2023 1116 2084 salire
1136 2034 1212 2084 'cum
1236 2023 1343 2084 adduci

173 2144 262 2192 non,
284 2141 399 2210 posset,
427 2150 495 2191 eum
523 2132 619 2210 capite
648 2129 787 2190 obvoluto
815 2133 916 2209 auriga
945 2130 1117 2191 adduxisset
1145 2140 1175 2189 et
1198 2133 1344 2209 coegisset

163 2246 321 2300 matrem
356 2239 447 2319 inire,
479 2256 546 2297 cum
579 2237 772 2298 descendenti
802 2238 979 2316 dempsisset
1007 2237 1042 2297 ab
1071 2237 1178 2316 oculis,
1212 2236 1265 2315 [et]
1293 2237 1342 2297 ille

99 2346 131 2390 2⁰
153 2338 340 2424 impetum
368 2344 438 2405 lecit
465 2346 496 2405 iu
520 2363 587 2404 eum
611 2363 644 2404 ac
668 2345 819 2405 mordicus
841 2346 999 2407 interiecit.
1045 2363 1112 2405 cum
1137 2349 1391 2424 conceperuntltl
1474 2379 1479 2389 ·

270 2579 283 2626 1
303 2569 413 2626 mamili
432 2569 491 2623 ΡΒ
508 2568 626 2623 mamilli
644 2570 703 2622 Am
722 2569 830 2622 manilii
849 2588 864 2624 o

245 2660 346 2716 dfeno
357 2660 383 2714 A
397 2657 480 2714 foeno
496 2657 551 2710 VB
589 2661 605 2711 5
620 2657 687 2710 data
696 2658 755 2709 AB
766 2656 859 2710 danda
873 2656 1024 2724 Vfortasse
1034 2656 1116 2711 datur
1152 2658 1303 2710 tfoeturae
1320 2657 1346 2711 V

244 2756 267 2805 6
282 2747 490 2818 aequinoctium
505 2764 621 2800 uernum
635 2762 703 2801 corr.
719 2744 896 2812 aequinoctio
906 2761 992 2799 uerno
1003 2746 1032 2799 B
1079 2745 1115 2798 ad
1126 2743 1278 2799 solstitium
1288 2762 1303 2797 o
1315 2747 1343 2797 et

122 2829 349 2894 solstitium
368 2837 461 2893 PAB
533 2835 632 2904 ntlut
650 2837 746 2903 partus
765 2834 792 2887 A
863 2833 964 2888 idoneo
983 2834 1042 2888 Am
1059 2833 1177 2887 idonens
1198 2832 1254 2886 VB
1325 2840 1341 2887 8

118 2928 262 2982 post
279 2928 308 2983 id
327 2931 438 2996 tempus
463 2925 581 2979 Ursinus
629 2910 631 2914 ¹
653 2925 738 2991 atque
762 2922 818 2976 VB
837 2923 928 2992 adque
946 2922 973 2975 A
1047 2928 1062 2975 9
1081 2922 1193 2990 tempus
1210 2922 1342 2975 nascatur

80 3015 82 3017 '
116 3015 270 3086 anni,
289 3019 336 3073 sed
350 3016 482 3070 nascatur
496 3015 610 3068 deletum
624 3013 651 3066 A
706 3013 836 3078 uenerint
849 3012 877 3065 B
932 3017 964 3064 10
983 3009 1113 3080 percriga
1126 3009 1205 3064 misit
1218 3011 1341 3080 appella·

86 3139 101 3160 .
115 3089 216 3152 t¹11·
270 3105 369 3176 quiqui
398 3103 524 3159 admittit
546 3105 574 3158 P
598 3102 770 3172 perorigami
793 3102 831 3154 sit
857 3101 1017 3169 appellatur
1042 3099 1139 3168 quiqui
1164 3098 1291 3153 admittit
1314 3100 1342 3153 B

115 3191 285 3266 9801}
301 3195 381 3264 origa
407 3192 500 3247 missit
527 3191 686 3261 appellatur
710 3189 804 3257 quiqui
828 3186 956 3244 admittit
978 3188 1005 3241 A
1028 3187 1158 3257 peroriga
1181 3188 1342 3257 appellatur

118 3275 219 3334 qui
263 3283 390 3339 admittit
408 3300 435 3335 m
452 3279 583 3351 peroriga
601 3280 674 3334 enim
691 3278 851 3348 appellatur
866 3277 993 3346 quisquis
1008 3277 1164 3332 admittite
1179 3321 1185 3332 .
1203 3276 1341 3345 ‘Optimus

120 3359 280 3429 “fidere
297 3375 343 3428 bie
360 3372 502 3427 rneuaosus
520 3376 566 3437 est,
584 3369 714 3424 nonnulli
731 3370 794 3421 item
812 3369 861 3436 qui
879 3384 939 3422 eum
957 3373 1128 3436 sequuntur:
1143 3367 1183 3421 sic
1201 3371 1291 3419 cutem
1309 3368 1341 3419 iu

121 3440 239 3510 ἱηῑθ
272 3468 319 3530 eet,
337 3461 471 3529 Peroriga
489 3459 566 3512 misit
584 3459 743 3528 appellatur
761 3455 808 3524 qni
823 3456 871 3524 qui
885 3455 1029 3511 admittit.
1044 3454 1148 3511 Vitium
1160 3455 1257 3510 babere
1269 3455 1341 3508 bauo

124 3543 362 3617 ⁸⁰ri1uuram
386 3550 513 3620 copuouit
536 3549 680 3613 librarius,
704 3547 816 3614 ideoque
838 3546 930 3599 nundi
952 3552 1044 3600 uotam
1067 3547 1104 3598 ud
1127 3562 1185 3599 eam
1203 3544 1339 3612 adposuit.

130 3615 329 3695 Fortasse
347 3641 494 3709 leuandum,
514 3637 680 3707 Peroripam,
698 3636 737 3690 sic
755 3635 912 3704 appellatur
924 3635 985 3688 etc'
1020 3634 1158 3688 Victorius
1218 3639 1249 3684 11
1270 3649 1342 3700 equa

133 3709 317 3793 alligaq,
331 3729 421 3783 PAB
441 3742 528 3794 equae
547 3725 682 3794 alligatae
699 3743 716 3778 o
776 3731 808 3777 12
827 3723 931 3792 inpulsi
946 3723 972 3776 A
991 3720 1106 3791 impulsi
1126 3723 1181 3774 VB
1235 3721 1340 3791 quaed]

138 3809 292 3871 quoad
308 3817 397 3873 VAB
444 3821 475 3869 13
490 3815 585 3868 scillae
601 3815 628 3867 B
642 3813 744 3883 scyllae
759 3813 785 3865 V
798 3811 860 3864 sille
871 3813 930 3865 Am
977 3817 1009 3864 16
1024 3808 1138 3862 tametsi
1152 3807 1340 3861 incredibiles

140 3881 310 3960 133⁴metui
325 3904 484 3960 incredibili
494 3904 521 3958 Β
536 3906 595 3956 tam
609 3905 639 3956 et
651 3902 705 3956 insi
719 3899 879 3956 incredibili
890 3901 917 3953 P
927 3901 987 3953 tam
1001 3901 1030 3952 et
1043 3895 1097 3950 nisi
1110 3893 1269 3948 incredibili
1279 3895 1339 3948 Am
1393 3886 1395 3891 ⁴

274 3999 303 4049 tt
322 3995 440 4050 matrem
457 3990 539 4046 salire
559 4009 622 4046 cum
641 3991 741 4044 adduci
755 3991 816 4044 AB
834 3989 950 4043 matrem
971 3990 1003 4040 ut
1020 3984 1104 4039 salire
1123 4001 1185 4038 cnm
1200 3983 1300 4036 adduci
1315 3984 1343 4037 P

148 4073 314 4138 lna*vtem
333 4087 365 4138 ut
379 4082 475 4136 saliret
488 4079 590 4136 adduci
603 4097 619 4134 u
694 4087 725 4134 18
745 4096 808 4133 eum
824 4077 915 4146 capite
929 4075 1018 4130 PAB
1032 4091 1095 4127 cnm
1109 4072 1202 4142 capite
1216 4089 1231 4125 n

130 4150 203 4203 '19
246 4167 421 4242 dempsisset
444 4171 470 4224 V
491 4169 637 4224 demsisset
654 4168 682 4224 A
700 4168 856 4223 demisisset
873 4166 901 4219 B
972 4165 1008 4218 ab
1027 4161 1116 4218 oculis
1135 4164 1164 4216 et
1181 4160 1230 4216 ille
1248 4160 1340 4217 ABm

158 4238 209 4293 ab
236 4261 399 4316 oculisille
417 4260 444 4313 V
495 4265 529 4314 20
544 4276 606 4313 cum
621 4258 808 4328 conceperunt
821 4256 882 4313 AB
895 4255 1032 4311 Victorius
1047 4270 1109 4307 cum
1124 4251 1342 4323 conceperintV
