3000 5026
178 307 221 371 14
375 350 380 357 ·
676 306 833 362 CATONIS

177 477 248 556 gari,
273 475 455 535 frumentum
478 474 647 555 transferri,
671 480 788 535 stercus
807 474 886 533 foras
900 474 1009 552 efferri,
1035 472 1233 533 stercilinium
1252 473 1329 551 lieri,

178 600 279 642 semen
303 582 438 660 purgari,
463 581 548 641 funes
563 583 683 662 sarciri,
707 600 799 642 novos
813 582 891 661 lieri3
916 587 1066 662 centones,
1090 579 1263 641 cuculiones
1288 580 1328 639 13-

138 689 289 748 43111331
312 691 480 766 oportuisse
504 687 561 748 sibi
585 692 704 749 sarcire.
746 707 799 768 per
823 689 912 748 ferias
935 690 1068 766 potuisse
1093 688 1186 747 fossas
1210 695 1327 747 veteres

178 797 301 875 tergeri,
324 797 401 855 viam
424 794 573 873 publicam
597 798 717 875 muniri,
741 814 847 874 vepres
870 795 971 877 recidi,
994 794 1114 856 hortum
1139 794 1236 875 fodiri,
1259 813 1326 874 pra-

176 911 241 962 tum
264 905 400 982 pnrgari,
423 905 521 981 virgas
540 904 660 983 vinciri,
684 904 784 981 spinas
803 904 932 981 runcari,
952 903 1068 980 expinsi
1087 901 1140 982 far,
1163 900 1326 961 munditias
1354 916 1366 954 5

138 1016 156 1071 5
178 1011 251 1070 fieri.
290 1028 358 1070 cum
373 1011 451 1069 servi
466 1012 659 1090 aegrotarint,
679 1009 790 1069 cibaria
805 1016 884 1069 tanta
901 1009 964 1068 dari
979 1028 1038 1069 non
1057 1010 1236 1087 oportuisse.
1274 1007 1328 1067 ubi

177 1136 214 1178 33
241 1119 358 1194 cognita
378 1136 471 1197 aequo
491 1119 588 1179 animo
611 1125 694 1198 sunt,
719 1136 793 1197 quae
817 1116 930 1195 reliqua
954 1135 1043 1195 opera
1068 1118 1128 1176 sint
1151 1133 1257 1176 curare
1283 1117 1328 1174 uti

176 1225 378 1303 perficiantur.
422 1227 552 1284 rationes
575 1232 680 1303 putare
713 1225 922 1303 argentariam,
956 1224 1192 1302 frumentariam,
1225 1221 1326 1301 pabuli

177 1350 266 1391 causa
282 1351 356 1410 quae
375 1338 476 1411 parata
495 1339 578 1412 sunt3
597 1332 741 1391 rationem
761 1331 912 1410 vinariam,
933 1329 1080 1410 oleariam,
1100 1328 1171 1408 quid
1191 1329 1327 1408 venierit,

177 1438 248 1517 quid
277 1446 414 1498 exactum
439 1440 508 1518 siet,
537 1437 608 1517 quid
636 1438 785 1516 reliquum
814 1440 883 1517 siet,
915 1436 986 1516 quid
1015 1439 1071 1496 siet
1100 1435 1178 1515 quod
1207 1442 1364 1495 veneat:1⁰

138 1551 252 1624 dquae
282 1548 353 1606 satis
377 1545 551 1623 accipianda
581 1548 653 1625 sint,
684 1548 755 1606 satis
784 1548 980 1625 accipiantur:
1018 1543 1132 1623 reliqna
1162 1561 1237 1621 quae
1267 1543 1327 1601 sint

176 1655 221 1712 uti
245 1661 432 1732 compareant.
475 1653 573 1732 siquid
598 1653 674 1713 desit
697 1656 728 1713 in
752 1671 871 1732 annum,
897 1654 939 1712 uti
962 1659 1099 1729 paretur:
1122 1668 1197 1728 quae
1222 1667 1326 1729 super-

176 1761 246 1839 sint,
269 1762 314 1820 311
333 1767 472 1820 veneant:
497 1779 571 1839 quae
587 1779 662 1839 opus
678 1762 737 1820 sint
759 1759 863 1839 locato,
882 1759 1032 1818 locentur:
1057 1757 1328 1837 qufflporafieri

176 1865 246 1965 v'e-lit
261 1867 589 1965 3113133113333133111,
609 1870 654 1928 uti
672 1869 798 1951 imperet
818 1875 847 1927 et
862 1886 895 1926 33
910 1869 1019 1945 scripta
1040 1865 1196 1946 relinquat.
1234 1882 1327 1943 pecus

138 1979 156 2036 7
177 1972 355 2032 consideret.
393 1976 560 2035 auctionem
580 1977 623 2035 uti
639 1976 741 2036 faciat:
760 1974 866 2035 vendat
885 1972 996 2052 oleum,
1016 1975 1041 2033 si
1060 1975 1190 2051 pretium
1209 1971 1327 2051 habeat,
1339 1979 1358 2018 ¹⁵

176 2081 291 2160 vinum,
315 2080 498 2143 frumentum
523 2083 601 2161 quod
626 2084 757 2160 supersit
780 2081 900 2141 vendat:
927 2080 1017 2140 lroves
1042 2079 1169 2160 vetulos,
1192 2087 1326 2139 armenta

177 2184 310 2267 delicula,
335 2206 405 2248 oves
429 2188 579 2268 deliculas,
602 2187 706 2269 lanam,
730 2188 831 2268 pelles,
854 2188 1001 2266 plostrum
1024 2195 1122 2267 vetuS,
1147 2186 1328 2247 ferramenta

248 2363 264 2410 3
283 2374 334 2425 per
357 2358 441 2412 ferias
461 2359 563 2414 031313,
587 2359 627 2411 ΙΙ
646 2364 697 2424 21,
717 2362 734 2411 3

249 2525 259 2571 1
283 2516 468 2571 stercilinium
489 2519 594 2586 PAof
608 2519 781 2574 stercilinum
800 2538 814 2575 3
833 2519 1040 2588 sterquilinium
1054 2536 1078 2572 3.
1100 2517 1327 2586 ‘sterquilinium

176 2607 244 2660 fieri.
282 2607 645 2676 133311331331333331133,
665 2608 787 2675 0313313,
812 2626 844 2662 ac
867 2608 1002 2662 Varronis
1019 2623 1120 2676 semper
1144 2606 1328 2660 stercilinum

175 2697 308 2764 scriptam
331 2701 382 2749 est:
413 2713 495 2765 33333
522 2698 688 2765 accepturam
715 2699 842 2765 33333313
868 2697 1104 2765 3333333333133,
1133 2697 1330 2749 1333333331

174 2789 268 2837 331333
285 2784 375 2850 facere
393 2786 481 2839 aolui'
502 2784 641 2840 Victorius
712 2785 852 2839 21331113
865 2786 913 2840 3Α
933 2784 1041 2838 familia
1054 2784 1111 2837 PR
1184 2784 1331 2837 truncari

181 2873 237 2926 VR
261 2873 388 2928 eranceri
407 2873 433 2926 A
524 2873 634 2941 expinsi
657 2874 698 2929 far
726 2874 862 2929 Victorius
884 2875 997 2929 313331.
1019 2872 1335 2941 Politiuuus,-expinsi

175 2962 218 3016 133
238 2962 284 3017 Ρ3
303 2969 328 3017 31
346 2964 449 3018 codices
473 2964 601 3033 Victorii,
620 2964 727 3033 expinsi
745 2962 788 3018 iar
805 2966 854 3019 Ab
859 2966 878 3032 f
892 2963 1063 3036 cremarique
1082 2980 1098 3016 3
1173 2961 1343 3016 munditias

175 3069 400 3125 Acmundicias
423 3068 467 3124 Va
540 3078 556 3125 6
575 3069 638 3126 dari
655 3065 850 3142 nonp'dtuisse,
873 3072 898 3124 13.
918 3088 938 3124 e.
959 3069 1019 3122 dari
1038 3086 1094 3123 333
1111 3067 1235 3137 33131333
1255 3085 1340 3122 corr.

175 3159 236 3212 dari
254 3177 310 3212 non
328 3157 485 3228 oportuisse
500 3159 527 3210 A
600 3159 649 3212 ubi
663 3159 777 3226 cognita
791 3174 883 3226 aequo
897 3157 990 3211 animo
1006 3156 1061 3209 3131
1081 3155 1172 3209 VAR
1190 3154 1239 3208 ubi
1254 3157 1348 3212 haee

175 3245 288 3315 cognita
307 3263 396 3316 aequo
416 3247 509 3301 animo
529 3245 602 3298 sient
620 3246 768 3299 13333333
841 3252 855 3299 7
877 3261 967 3313 quaue
986 3242 1096 3311 reliqua
1115 3260 1200 3312 opera
1220 3243 1279 3296 sint
1299 3245 1350 3297 Α,

175 3351 229 3403 que
254 3334 364 3402 reliqua
387 3352 471 3404 opera
490 3335 547 3388 sint
565 3334 580 3386 b
605 3349 712 3402 quaene
731 3333 841 3403 reliqua
860 3350 944 3403 opera
964 3334 1020 3387 3131
1038 3350 1052 3386 3
1071 3349 1143 3402 quae
1164 3348 1249 3401 opera
1269 3333 1349 3386 sint:

178 3422 205 3477 V
224 3440 314 3492 queue
338 3440 424 3493 opera
446 3424 503 3477 sint
520 3423 538 3489 f
607 3427 622 3476 8
641 3423 778 3478 33113333
796 3423 935 3478 uinariam
954 3423 1081 3478 ollariam
1101 3422 1196 3475 PAR
1214 3422 1345 3476 ratione>

174 3511 283 3567 uinaria
302 3511 498 3580 oleariaqnea
586 3518 618 3566 10
638 3515 767 3567 exactum
792 3513 848 3567 VR
867 3514 959 3568 actum
978 3514 1006 3567 A
1094 3517 1125 3564 11
1155 3509 1345 3580 accipianda·

174 3619 230 3674 sint
248 3620 313 3686 Pcf
336 3617 499 3687 accipienda
523 3617 580 3672 sint
597 3618 645 3674 Ao
669 3609 832 3690 accipi¹e¹nda
855 3620 912 3674 sint
935 3621 950 3674 b
1028 3626 1060 3673 12
1085 3616 1127 3671 uti
1151 3619 1347 3686 conpareanb

173 3708 200 3761 A
224 3707 267 3761 uti
287 3708 467 3774 compareant
486 3706 534 3772 Pf
558 3709 590 3761 ut
613 3710 826 3777 compareantb
850 3710 892 3763 uti
915 3710 1074 3778 compareat
1097 3725 1123 3774 c,
1147 3724 1196 3762 333.
1216 3724 1232 3760 3

173 3796 246 3849 desit
264 3796 294 3848 in
314 3811 417 3847 annum
438 3793 494 3848 VR
513 3795 586 3850 desit
604 3838 610 3850 .
631 3838 636 3849 .
657 3813 760 3850 annum
774 3798 881 3851 duabus
899 3798 941 3851 331
959 3798 1048 3851 trabas
1062 3798 1160 3851 litteris
1169 3802 1235 3864 post
1249 3796 1341 3850 desib

172 3884 265 3940 31313113
280 3884 307 3937 A
380 3900 452 3952 quae
471 3885 611 3954 supersint
628 3887 660 3938 ut
679 3887 800 3940 ueneant
816 3885 907 3939 PAR
926 3903 997 3954 quae
1017 3885 1156 3954 supersint
1170 3886 1294 3938 ueneant
1308 3901 1334 3938 3

245 3979 278 4027 14
302 3974 331 4028 31
354 3991 426 4042 quae
446 3974 532 4029 locari
555 3973 626 4029 uelit
649 3975 680 4028 13
698 3992 783 4046 scarp.
803 3976 830 4029 A
907 3974 950 4028 uti
969 3976 1087 4042 imperet
1105 3973 1267 4041 AbfVa'ct.,
1292 3976 1332 4027 ut

172 4061 292 4134 imperet
312 4064 340 4117 P
356 4063 406 4118 ubi
423 4063 543 4135 imperet
561 4080 575 4117 c
593 4065 712 4132 imperet
730 4082 746 4117 3
820 4070 853 4118 15
873 4063 1012 4118 cosideret
1029 4064 1056 4117 A

245 4159 277 4207 15
297 4153 467 4224 auctionem]
487 4154 519 4206 R.
534 4151 573 4205 111
588 4151 735 4206 Actionem
755 4151 797 4206 uti
815 4150 905 4208 fatiat.
939 4151 1091 4205 Aucionem
1106 4152 1133 4205 A
1153 4152 1322 4207 Auctionem

171 4239 212 4291 uti
232 4241 325 4296 faciat.
346 4241 512 4295 Auctionem
534 4241 580 4295 Pb
604 4243 765 4309 1313333113
789 4242 1234 4309 3313133,33333’33’13“333311311,
1259 4245 1322 4297 ton-

172 4327 278 4382 sionem
292 4329 507 4384 313333131333
578 4330 700 4400 pretium
715 4331 776 4384 AR
794 4327 917 4399 precium
938 4330 964 4383 V
1035 4337 1067 4384 16
1082 4330 1323 4385 frumentatnmA

244 4422 276 4471 11
296 4417 432 4486 plostrum
454 4418 552 4473 PAbc
570 4419 727 4488 plaustrum
746 4421 779 4487 fc
856 4420 1012 4476 ferramenta
1031 4421 1057 4474 A
