3000 5026
380 332 509 416 RERVM
527 333 764 390 RVSTICARVM
782 333 850 391 LIB.
868 335 895 388 H
914 330 934 387 4
974 402 978 409 .
1158 335 1230 400 ,227

85 500 222 562 culturae
253 500 289 562 ab
318 502 404 561 initio
433 500 476 561 fui
503 500 669 581 studiosae,
702 519 757 561 nee
785 502 821 563 de
849 520 957 580 pecore
986 501 1072 563 suillo
1101 502 1173 562 mihi
1201 511 1232 563 et

85 608 182 686 vobis,
211 609 323 687 magnis
351 609 512 688 pecuariiS‚
541 625 574 667 ea
602 625 651 668 res
680 626 739 668 nou
767 617 812 669 est
840 611 1014 670 cummunis.
1060 611 1127 688 quis
1151 611 1230 669 enim

86 714 210 775 fundum
243 714 313 775 colit
346 722 494 795 nostrum,
528 717 599 794 quin
628 733 697 775 sues
726 714 844 796 habeat,
877 724 906 775 et
935 718 987 795 qui
1014 735 1072 776 uon
1102 716 1230 776 audierit

85 830 184 897 patres
212 830 330 882 nostros
359 823 459 883 dicere
487 825 624 900 ignavum
653 830 682 882 et
711 829 918 899 sumptuosum
946 841 1025 904 esse,
1054 825 1106 902 qui
1134 824 1229 882 succi-

63 925 162 989 ⁵diam
184 931 216 988 in
240 931 374 990 carnario
399 928 586 1008 suspenderit
608 931 708 1007 potius
726 929 762 988 ab
780 929 903 989 laniarlo
924 948 1010 1008 quam
1030 948 1046 989 e
1066 929 1228 989 domestico

89 1031 196 1096 fundo?

172 1141 262 1235 ΕΓΒ-ο-
275 1143 327 1239 qui
350 1160 437 1236 suum
461 1143 665 1242 gregem-effit-
679 1143 789 1232 habere
808 1142 956 1224 idoqeum,
981 1143 1090 1239 eligere
1111 1150 1228 1232 opertet

94 1251 212 1322 primum
231 1249 308 1309 bona
326 1258 431 1332 aetate,
456 1252 586 1312 secundo
605 1251 680 1311 bona
701 1252 795 1311 forma
815 1245 861 1331 (ea
883 1261 928 1310 est
947 1269 1014 1311 eum
1035 1250 1227 1329 amplitudine

176 1320 392 1340 w*-—

94 1356 293 1438 membrorum,
316 1367 523 1438 praeterquam
546 1359 673 1438 pedibus
692 1351 817 1439 capite):
841 1356 1002 1418 unicolorls
1021 1360 1120 1436 potius
1139 1375 1226 1436 quam

54 1455 80 1498 ¹⁰
93 1465 186 1523 varias.
232 1482 299 1524 cum
326 1464 399 1525 haer-
423 1465 525 1526 eadem
548 1474 582 1527 ut
606 1465 732 1526 habeant
755 1483 858 1526 verres
881 1465 1053 1546 videndum,
1082 1472 1144 1524 tum
1169 1465 1226 1523 uti·
1324 1474 1327 1479 ’

84 1585 143 1646 que
169 1572 228 1630 sint
256 1571 421 1632 cervicibus
449 1572 561 1652 amplis,
608 1572 679 1633 boni
706 1574 828 1632 seminis
856 1590 925 1633 sues
948 1571 1253 1632 animadvertuntur4

73 1690 90 1732 a
135 1675 204 1736 laeie
233 1685 263 1737 et
290 1681 432 1758 progenie
460 1688 491 1740 et
518 1681 639 1758 regione
669 1679 756 1740 caeli:
789 1699 804 1739 a
833 1680 919 1759 tacte,
953 1680 978 1738 si
1006 1679 1128 1738 formosi
1156 1684 1226 1738 sunt

64 1784 175 1842 verris
198 1791 228 1843 et
251 1785 361 1867 serola3
384 1805 404 1847 α
426 1789 577 1867 progenie,
601 1788 627 1846 si
649 1805 757 1865 porcos
776 1786 884 1847 multos
904 1787 1037 1866 pariunt3
1061 1803 1076 1844 a
1095 1785 1225 1864 regione,

50 1887 82 1944 εἰ
129 1892 228 1966 potius
252 1910 288 1950 ex
313 1891 359 1952 his
378 1893 459 1974 loeis,
484 1893 536 1954 ubi
556 1901 719 1955 naseuntur
738 1893 850 1971 amplae
871 1911 958 1972 quam
979 1891 1079 1973 exiles,
1102 1893 1224 1970 pararis,

10 1982 143 2054 [⁵emi
166 1997 261 2059 soleat
288 2001 345 2079 sic,
373 1996 488 2061 ‘illasce
521 2020 590 2060 sues
618 2019 703 2061 sanas
731 2019 797 2060 esse
825 1999 993 2077 habereque
1021 2006 1102 2059 reete
1130 1997 1250 2082 licereb

32 2104 223 2182 noxisque
254 2110 401 2184 praestari
432 2127 529 2187 neque
561 2108 597 2168 de
631 2127 738 2187 pecore
771 2107 910 2167 morboso
934 2124 1000 2166 esse
1024 2099 1224 2184 spondesne?'

28 2209 197 2278 quidam
221 2212 354 2274 adiciunt
376 2214 548 2292 perfunctas
572 2233 638 2275 esse
661 2234 677 2274 a
701 2214 777 2274 febri
801 2222 830 2274 et
854 2232 870 2273 a
894 2213 975 2272 laria.

168 2319 200 2379 ln
224 2330 309 2399 pastu
333 2320 417 2380 locus
440 2321 510 2382 huie
534 2324 635 2400 pecori
654 2329 741 2400 aptus
760 2320 934 2401 abgiarum,
959 2318 1037 2399 quod
1057 2317 1224 2378 delectatur

19 2429 142 2481 ¹1⁰1]
164 2425 256 2487 solum
280 2446 356 2506 aqua
380 2428 432 2487 sed
456 2430 544 2488 etlam
566 2428 638 2490 luto.
684 2431 784 2509 ltaque
803 2429 841 2489 ob
861 2446 925 2488 eam
944 2445 1007 2487 rem
1027 2428 1109 2486 aiunt
1127 2424 1222 2502 lupos,
1309 2417 1311 2421 ’

18 2538 151 2590 cum
172 2535 230 2593 sint
253 2536 355 2595 nancti
378 2553 455 2615 sues,
479 2535 597 2600 trahere
622 2555 715 2614 usque
741 2536 776 2596 ad
800 2554 916 2616 aquam,
939 2534 1017 2614 qued
1041 2533 1146 2593 dentes
1166 2531 1222 2590 ler-

152 2754 166 2802 8
184 2764 217 2802 ea
235 2752 279 2805 eat
297 2766 360 2804 eum
379 2751 564 2820 amplitudine
582 2768 693 2820 propert.
714 2750 798 2805 XIX
816 2757 834 2806 6

18 2855 287 2878 '‘X-⁴·—

152 2953 224 3006 lfui
247 2953 274 3007 V
290 2954 307 3007 fi
326 2956 367 3008 uel
386 2954 410 3007 si
430 2955 455 3006 A
474 2954 506 3007 fir
524 2955 559 3019 B,
579 2969 628 3007 om.
648 2970 675 3006 m
747 2953 916 3021 4ignauum
935 2967 969 3005 ex
987 2951 1222 3020 sumptuosumA

151 3045 166 3094 5
185 3041 214 3094 in
233 3041 359 3096 carnario
379 3060 395 3096 v
418 3041 446 3095 in
467 3041 606 3096 barnarius
626 3041 715 3094 PAB
788 3037 961 3094 abtlaniario
980 3039 1039 3093 Am
1058 3046 1083 3093 et
1100 3044 1131 3092 ut
1148 3039 1220 3092 vide-

30 3125 86 3172 tur·
136 3129 171 3183 1²
184 3131 219 3185 ab
238 3129 346 3185 lapario
364 3133 391 3184 Β
411 3149 425 3184 e
444 3130 595 3186 laniariou
983 3202 985 3209 Α

151 3225 165 3273 7
188 3237 253 3290 ergo
269 3263 274 3274 .
290 3220 300 3272 l
315 3261 321 3274 .
337 3220 397 3289 qui,
421 3223 467 3275 sed
489 3220 500 3272 l
523 3222 636 3275 deletum
659 3220 686 3273 Β
759 3227 775 3274 8
799 3237 860 3273 eum
885 3216 1071 3288 amplitudine
1090 3234 1137 3271 me
1158 3234 1221 3270 eum

44 3307 290 3379 amptitudinem
311 3311 339 3362 A
363 3327 426 3363 eum
449 3307 665 3379 amplitudinem
685 3309 712 3362 P
732 3315 756 3364 et
777 3314 808 3362 ut
830 3310 937 3363 uidetur
956 3309 984 3362 Β
1056 3313 1071 3360 9
1099 3307 1221 3375 praeter-

51 3399 162 3449 quam
185 3397 302 3465 pedibus
328 3398 384 3452 VA
406 3399 601 3467 praeterquam
621 3398 648 3450 in
668 3397 787 3467 pedibus
807 3399 834 3451 B
909 3402 940 3450 10
966 3397 997 3449 ub
1015 3395 1139 3449 habeant
1156 3409 1171 3446 t>
1191 3396 1222 3445 ut

55 3471 180 3540 hbeat
192 3487 252 3540 ΡΒ
275 3489 308 3541 ut
325 3487 428 3541 habeat
447 3504 515 3543 corr.
532 3519 564 3526 —
580 3504 610 3541 as
624 3488 652 3539 A
666 3489 697 3540 tu
712 3487 815 3541 babeas
829 3505 855 3540 m
911 3492 941 3540 11
963 3484 1222 3539 animaduertuntur

39 3561 126 3637 ,ΑΒ
158 3575 417 3630 animaduertanbur
441 3576 466 3628 V
538 3581 569 3629 12
591 3575 632 3629 ‘Si
650 3573 766 3629 formosi
786 3575 852 3628 sunt
869 3591 975 3643 uerrea,
999 3576 1028 3628 et
1046 3573 1143 3630 scrofa.
1181 3575 1221 3626 Iu

67 3657 175 3720 optimo
193 3665 342 3733 exemplari
364 3663 456 3718 Verria
472 3680 543 3718 :uec
560 3666 644 3718 multo
659 3669 723 3732 post
741 3665 839 3716 iterum
864 3663 970 3729 Verris,
988 3664 1076 3718 eodem
1095 3679 1171 3730 cusu,
1189 3664 1222 3715 iu

73 3741 163 3807 “laem
178 3755 257 3819 libro,
283 3753 376 3807 Verria
394 3758 451 3807 orto
469 3755 601 3807 maurium
620 3753 720 3821 iuelplt
737 3752 831 3806 salire'
859 3752 996 3806 Victorius
1051 3754 1116 3805 aunt
1133 3751 1221 3805 uerris

74 3826 96 3878 ll
117 3845 215 3898 scrofa
233 3841 367 3912 progenie
382 3841 470 3894 PAB
489 3841 546 3896 einh
559 3858 653 3896 uerres
668 3844 697 3895 el
712 3841 803 3895 scrofa
816 3858 834 3895 a
847 3841 981 3910 progenie
995 3859 1012 3895 u
1059 3847 1092 3894 14
1111 3842 1221 3909 amplae

74 3927 163 3986 ‘luam
185 3932 273 3986 exiles
298 3932 414 3999 paratae
439 3928 556 3984 Ursinus
663 3930 771 3999 amplas
795 3947 877 3998 quam
905 3928 983 3983 exilis
1002 3931 1060 3983 ΡΒ
1084 3931 1222 3984 Victorius

69 4012 184 4082 ‘tmpus
207 4038 290 4091 quam
315 4017 407 4071 exillis
433 4019 460 4072 A
484 4018 572 4090 ampli
596 4037 679 4086 quam
704 4019 822 4073 exilesv
895 4017 1059 4087 pararisemi
1083 4017 1175 4071 solent
1193 4016 1220 4067 A

64 4098 169 4162 parttri
187 4109 255 4163 semi
275 4109 366 4161 solenh
380 4108 408 4160 P
423 4107 570 4176 pqqparari
588 4109 658 4162 semi
673 4109 765 4162 solent
778 4109 804 4160 Β
819 4106 914 4160 Parari
933 4110 961 4159 et
976 4105 1031 4158 emi
1045 4106 1167 4159 uolente

62 4176 101 4231 ¹5
123 4196 170 4252 sie
186 4198 283 4252 illaeee
304 4214 395 4250 suere
415 4197 437 4249 si
457 4197 502 4251 eui
520 4198 603 4252 hasce
623 4215 686 4251 sues
701 4199 729 4250 P
744 4196 891 4251 sieiuasees
911 4212 959 4249 ues
973 4195 1000 4247 B
1020 4194 1059 4248 sie
1073 4194 1123 4247 hae
1140 4196 1144 4262 l
1161 4209 1220 4246 sees

56 4272 117 4324 ¹¹⁰⁸
136 4289 176 4355 A,
192 4289 238 4342 aad
256 4287 275 4339 h
294 4288 325 4340 iu
343 4302 444 4340 rasura
457 4285 498 4339 Α2
518 4285 659 4340 alebaece
678 4303 740 4340 aues
758 4303 785 4338 m
858 4292 890 4339 16
909 4283 1047 4354 praestari
1067 4284 1122 4337 VB
1141 4300 1220 4353 prae·

50 4349 150 4424 Stare
170 4375 226 4429 Am
300 4382 332 4430 17
351 4374 511 4444 perfunctas
537 4374 592 4428 VB
611 4375 749 4443 perfectas
768 4375 825 4428 Am

146 4470 182 4518 20
199 4466 294 4528 naneti
312 4466 340 4521 A
358 4465 434 4520 nacti
458 4465 516 4520 VB
533 4464 594 4518 nati
611 4481 639 4519 m
