3000 5026
182 331 251 394 270
675 332 861 386 VARRONIS

183 499 282 557 minus
305 515 370 557 esse
394 497 491 556 villam
515 515 579 556 eam
602 517 677 576 quae
701 507 780 558 esset
804 497 926 577 simplex
951 499 1073 576 rustica,
1096 517 1188 576 quam
1211 517 1278 558 eam
1300 502 1331 560 in

184 623 242 682 qua
270 613 350 663 esset
377 610 551 683 utrumque,
577 613 608 664 et
636 623 670 663 ea
698 613 729 664 et
751 603 878 681 urbana,
906 613 937 663 et
961 611 1109 684 rogasset,
1137 605 1209 683 quid
1235 623 1271 664 ex
1295 608 1332 664 iis

185 709 275 769 rebus
298 710 464 791 colligeret,
492 708 591 780 Quin?
623 713 732 790 inquit,
756 714 781 770 si
804 718 928 789 propter
950 713 1102 788 pastiones
1124 719 1196 771 tuus
1221 712 1332 772 fundus

184 819 215 876 in
238 817 326 876 Rosia
351 818 521 896 probandus
545 821 592 897 sil,
615 827 645 877 et
669 817 811 896 quodibi
835 819 967 895 pascitur
990 835 1083 895 pecus
1101 836 1136 877 ae
1155 818 1333 901 stabulator,

185 933 266 984 reete
295 924 363 983 villa
391 925 569 1006 appellatur,
597 926 668 985 haee
693 942 811 1004 quoque
835 924 925 983 simili
948 925 984 985 de
1008 943 1096 985 eausa
1120 923 1210 985 debet
1233 928 1333 985 vocari
1358 941 1371 980 a

139 1030 270 1111 11vitta,
297 1033 328 1090 in
356 1051 413 1110 qna
442 1042 565 1110 propter
591 1035 741 1111 pastiones
769 1032 886 1091 fruetus
914 1034 1073 1110 capiuntur
1099 1034 1208 1110 magni
1262 1008 1372 1113 quis

186 1140 264 1197 euim
288 1138 389 1219 refert,
413 1149 515 1199 iurum
538 1147 660 1218 propter
683 1158 762 1219 oves,
785 1159 822 1198 an
845 1149 967 1217 propter
987 1157 1056 1198 ares
1074 1139 1192 1199 fruetus
1211 1136 1334 1219 capias?

148 1234 262 1303 Wanrre
290 1244 405 1304 dulcior
432 1255 478 1305 est
507 1246 623 1306 fruetus
650 1255 722 1324 aput
751 1255 779 1305 te
808 1264 844 1305 ex
871 1244 983 1305 bubulo
1006 1264 1129 1326 pecore,
1158 1247 1238 1307 unde
1263 1266 1333 1325 apes

148 1423 172 1445 ε
187 1350 480 1432 naseuntur,'quam
504 1372 540 1412 ex
564 1353 682 1433 apibus,
708 1371 783 1431 quae
807 1353 842 1412 ad
867 1352 964 1412 villam
988 1352 1038 1412 Sei
1060 1356 1092 1412 in
1114 1352 1235 1414 alvariis
1258 1373 1333 1433 opus

187 1455 321 1517 iaciunt?
348 1467 378 1517 et
401 1477 472 1517 num
496 1457 590 1537 pluris
614 1458 677 1535 [tua
702 1457 781 1535 villa]
806 1458 866 1518 illic
890 1467 975 1518 natos
998 1478 1099 1519 verres
1123 1460 1201 1520 lanio
1223 1461 1333 1540 vendiS,
1347 1475 1384 1511 1·

141 1568 185 1652 12
193 1583 280 1643 quam
304 1564 373 1625 hine
396 1584 485 1643 apros
509 1565 674 1625 macellaria
694 1562 892 1634 scissarum
912 1568 1012 1626 minus
1030 1585 1094 1646 ego,
1117 1556 1216 1646 iuquit
1235 1570 1335 1649 Axius,

187 1675 259 1731 istas
278 1671 387 1731 habere
407 1691 528 1750 possum
547 1675 578 1732 in
599 1673 722 1733 Reatina
740 1669 829 1732 villa?
855 1674 915 1732 nisi
934 1675 960 1732 si
978 1674 1055 1752 apud
1077 1674 1180 1734 Seium
1200 1675 1335 1736 Siculum

187 1779 220 1837 lit
252 1778 323 1858 mel,
359 1777 512 1838 Corsicam
545 1781 575 1839 in
606 1779 742 1860 Reatino,
775 1789 805 1839 et
836 1778 885 1839 hia
913 1798 1019 1857 aprum
1047 1780 1109 1858 glas
1136 1800 1207 1841 eum
1240 1785 1335 1860 pascit

187 1888 338 1965 emptieia,
363 1886 431 1945 laeit
455 1887 608 1964 pinguem,
632 1884 692 1945 illie
716 1888 843 1963 gratuita
866 1885 981 1945 exilem.
1026 1886 1152 1967 Appius,
1181 1887 1276 1948 Posse
1298 1889 1335 1948 arl

187 2001 217 2052 te
245 1994 323 2072 fieri,
351 1994 473 2071 inquit,
490 1991 611 2052 Seianas
638 1995 789 2070 pastiones
817 2012 876 2052 uon
900 1996 1018 2069 negavit
1040 1992 1167 2074 llerula3
1195 2013 1252 2073 ego
1277 2014 1334 2056 non

142 2103 258 2160 13esse
291 2102 354 2178 ipse
387 2099 455 2159 vidi.
505 2100 564 2159 duo
597 2102 675 2159 enim
704 2119 813 2178 genera
841 2118 909 2160 eum
937 2102 997 2159 sint
1025 2102 1209 2182 pastionum,
1243 2121 1334 2163 unum

188 2214 320 2286 agreste,
346 2207 377 2264 in
401 2224 460 2283 quo
483 2208 640 2284 pecuariae
664 2216 746 2287 sunt,
774 2207 901 2266 alterum
926 2207 1099 2289 villaticum,
1126 2210 1158 2269 in
1181 2229 1244 2288 quo
1267 2220 1336 2271 suut

188 2314 313 2392 gallinae
336 2332 369 2373 ae
393 2312 546 2373 columbae
570 2324 601 2374 et
623 2333 693 2393 apes
703 2324 747 2375 ‘et
765 2322 873 2394 uetera,
898 2332 973 2393 quae
992 2317 1024 2375 in
1044 2315 1110 2376 villa
1128 2317 1228 2378 solent
1246 2320 1337 2399 passi,

189 2422 226 2481 ele
259 2420 368 2499 quihus
401 2427 430 2478 et
457 2420 577 2480 Poenus
604 2421 689 2499 Mago
721 2431 751 2482 et
777 2421 897 2482 Cassius
924 2421 1083 2501 Dionysius
1115 2433 1146 2484 et
1177 2424 1229 2485 alii
1256 2427 1336 2505 quod

280 2670 292 2715 1
323 2661 420 2715 uillam
444 2678 506 2715 eam
528 2662 589 2717 AB
611 2662 708 2717 uillam
732 2680 766 2717 ea
793 2664 820 2716 V
906 2665 1012 2719 rustica
1040 2665 1095 2720 Vm
1117 2668 1253 2722 rusticam
1277 2669 1336 2722 AB

278 2752 307 2804 in
331 2767 387 2819 qua
410 2750 559 2805 lucendus
581 2750 611 2804 in
634 2768 689 2821 quo
713 2751 803 2807 VAB
892 2759 908 2806 2
932 2757 962 2808 el
984 2770 1018 2808 ea
1041 2757 1070 2807 et
1093 2754 1203 2809 urbana
1225 2758 1382 2811 inclusi&

192 2840 326 2894 Gesnerus
416 2857 449 2894 ex
471 2839 506 2892 iis
528 2839 619 2894 PAR
638 2858 671 2895 ex
689 2841 768 2896 hiso
859 2848 875 2895 3
894 2842 985 2910 inquit
1008 2843 1065 2897 VB
1082 2841 1182 2912 inquid
1201 2845 1231 2898 A
1320 2851 1384 2898 ξ

189 2929 360 2984 rosisPAB
374 2946 483 2983 roseas
529 2929 566 2983 sit
579 2931 675 2983 deleuit
687 2930 805 2984 Ursinus
850 2932 1029 3000 saepiuntur
1042 2949 1070 2986 rn
1083 2933 1232 3002 capiantur
1245 2933 1384 2989 VAE

244 3026 314 3074 tan
332 3021 447 3089 propter
464 3036 491 3072 m
509 3022 559 3073 aut
575 3021 692 3088 propter
715 3019 804 3073 VAB
858 3027 874 3075 8
893 3025 963 3090 aput
980 3022 1008 3074 A
1027 3021 1102 3090 apud
1125 3020 1180 3075 VB
1235 3041 1271 3078 ex
1288 3025 1384 3078 bu·-

189 3109 256 3163 bulo
280 3107 336 3162 VB
359 3109 389 3161 et
409 3106 515 3161 bubulo
533 3109 562 3161 A
584 3125 600 3161 e
623 3107 728 3162 bubulo
746 3126 774 3162 m
863 3117 879 3163 9
903 3127 969 3164 aues
987 3113 1140 3165 nascuntur
1161 3113 1253 3166 PAB
1272 3130 1384 3183 ape:

190 3198 340 3250 nascantur
361 3213 377 3250 u
450 3198 486 3250 ad
510 3196 608 3251 uillam
631 3196 655 3250 si
679 3197 707 3249 in
730 3197 844 3252 uluariis
867 3201 895 3253 A
919 3199 955 3251 ad
977 3199 1077 3252 uillam
1100 3200 1149 3254 Sin
1173 3201 1290 3256 salnariis
1312 3202 1384 3256 Ι

190 3285 225 3337 ad
250 3283 349 3338 uillam
373 3285 396 3338 si
419 3285 449 3337 in
473 3285 605 3340 alueariis
623 3285 651 3338 B
675 3286 711 3339 ad
734 3286 832 3341 uillam
852 3288 901 3341 Sin
920 3287 1053 3342 alueariis
1070 3305 1087 3342 o
1106 3289 1143 3342 ad
1161 3288 1261 3344 uillam
1281 3290 1384 3345 Se?

190 3374 220 3426 in
237 3372 369 3427 alneariis
388 3375 505 3428 Ursinus
566 3381 598 3428 10
618 3377 647 3428 et
664 3392 760 3429 numo
779 3377 809 3429 et
825 3394 899 3431 nune
913 3375 1002 3430 PAB
1056 3377 1106 3431 tna
1124 3377 1195 3433 uilla
1215 3379 1273 3434 VB
1290 3382 1384 3434 tin.

191 3462 287 3517 suilla
296 3465 324 3516 A
362 3470 393 3516 11
405 3463 566 3518 macellaris
577 3463 656 3517 Seius
668 3464 812 3519 Turnebus
820 3467 924 3519 adens.
934 3465 1173 3532 armentarios
1183 3466 1384 3522 eiusPAZ

135 3534 139 3540 ’
190 3551 337 3605 milliarios
361 3552 431 3605 emis
454 3569 479 3606 a.
518 3552 618 3616 ‘Quam
642 3552 709 3607 hine
735 3570 817 3622 apros
836 3552 1013 3609 macellarios
1033 3556 1120 3612 Seius.
1160 3557 1247 3613 Totus
1265 3559 1384 3612 loa-

191 3642 331 3706 uarietas,
350 3641 382 3693 in
400 3656 453 3708 quo
472 3656 518 3708 eye
537 3644 726 3697 auctoritatem
740 3649 861 3698 ueterum
874 3645 1008 3698 librorum
1020 3651 1128 3699 secutas
1141 3663 1209 3701 sura
1246 3643 1384 3702 noct:

192 3745 251 3783 earn
275 3730 439 3795 libertatem,
465 3746 547 3797 quam
570 3731 638 3783 malti
656 3733 786 3800 permisi,
812 3749 888 3786 nune
907 3734 1077 3801 patefaciam
1090 3755 1099 3786 .·
1113 3751 1197 3804 eaque
1218 3753 1261 3790 me
1282 3749 1384 3790 uec:

191 3818 402 3887 intemperanter
425 3834 504 3871 urum
527 3819 679 3876 declarabo,
717 3822 757 3874 In
775 3824 880 3877 eunetis
898 3824 1022 3891 antiquis
1040 3823 1121 3892 Eius,
1143 3830 1266 3880 eutrerua
1283 3837 1384 3879 sun

191 3912 259 3972 erat,
278 3922 312 3960 en
330 3923 386 3975 qua
403 3923 462 3960 nna
480 3909 579 3962 addita
597 3909 688 3977 litera,
707 3909 786 3964 Seius
803 3911 868 3977 seci'
894 3911 1032 3966 Victorius
1102 3913 1197 3980 inquit
1221 3914 1278 3969 VB
1296 3914 1384 3967 int„

191 3995 259 4062 quid
277 3994 305 4048 A
383 4002 415 4049 12
439 3997 513 4067 apud
536 3997 615 4052 seium
634 3998 660 4051 A
734 4006 767 4053 13
790 4000 853 4068 glas
872 4002 930 4055 PB
952 4001 1014 4070 glas
1032 4002 1060 4054 A
1083 4000 1164 4069 glans
1182 4019 1232 4056 mv
1303 4005 1373 4054 t

191 4085 229 4140 ad
250 4087 279 4140 te
298 4085 358 4140 AB
386 4086 525 4141 Victorius
546 4087 621 4156 apud
643 4089 673 4140 te
701 4087 728 4138 V
816 4094 848 4141 15
875 4089 968 4158 inquit
993 4090 1049 4145 VB
1070 4090 1168 4159 inquid
1186 4092 1216 4146 A
1302 4093 1369 4142 Ε

191 4175 352 4243 pastionum
376 4175 432 4229 VB
450 4176 594 4245 pastiones
613 4192 681 4231 corr.
702 4208 732 4214 —
754 4176 778 4229 is
798 4181 833 4246 A,
853 4180 904 4232 ubi
921 4179 953 4232 in
970 4181 1093 4248 maraine
1111 4181 1283 4249 adscriptum
1295 4184 1384 4233 135

192 4263 247 4316 duo
274 4270 330 4331 gna
357 4264 517 4332 pastionum
543 4266 648 4320 minore
668 4267 818 4334 scripturo,
845 4269 892 4321 sed
918 4270 1009 4322 eadem
1036 4285 1135 4335 manu,
1163 4275 1196 4323 ut
1222 4271 1384 4324 videta-³

191 4350 329 4417 pastionis
343 4369 369 4404 rn
419 4357 451 4405 18
466 4358 578 4408 caetera
592 4354 619 4406 V
663 4360 695 4408 19
710 4355 852 4423 dionysius
869 4356 924 4411 VB
939 4357 1113 4411 dionisiusA
1158 4359 1234 4425 quod
1250 4358 1302 4412 VA
1333 4345 1384 4403 J

193 4438 262 4506 qaid
280 4456 305 4492 m
324 4440 478 4496 Ineundus.
510 4445 626 4511 sortasse
644 4445 782 4510 quaedam
801 4451 825 4499 et
842 4447 939 4500 annale
958 4463 1030 4513 quae
1049 4445 1128 4501 Seius
