3000 5026
501 335 549 388 DE
568 334 848 393 Adur-cvnvvrm
866 338 895 394 Ο.
915 339 1044 398 50-54
1300 341 1343 404 53

199 521 282 564 mum
306 504 361 564 sub
385 506 472 584 qualo
496 506 667 584 praecidito.
705 504 824 584 qualum
848 506 971 566 incidito
996 526 1031 567 ex
1055 509 1112 567 ima
1137 517 1220 587 parto
1238 528 1343 588 perpe·
1367 513 1385 568 2

199 619 298 692 tuum,
327 615 388 672 sive
411 613 485 673 calix
510 615 579 693 erit,
607 620 812 691 conquassato.
855 631 923 672 cum
951 632 985 672 eo
1014 614 1100 692 qualo
1125 623 1176 675 aut
1199 614 1289 675 calice
1313 618 1344 675 in

198 718 305 778 scrobe
320 721 430 796 ponito.
468 719 570 779 eodem
590 720 676 779 modo
700 721 789 779 vitem
818 720 919 800 facito,
948 739 1011 780 eam
1035 739 1112 780 anno
1139 730 1207 799 post
1230 725 1343 800 praeci-

198 825 261 885 dito
285 828 436 904 seritoque
460 846 528 886 cum
553 826 648 904 qualo.
689 826 746 886 hoc
771 826 856 886 modo
880 827 958 904 quod
983 845 1076 904 genus
1099 829 1144 886 vis
1158 828 1342 905 propagabis.

169 948 183 987 5
289 931 433 1013 Faenum,
460 934 513 994 nbi
535 942 654 1012 tempus
679 935 749 1014 erit,
778 942 876 994 secato
905 943 1065 1013 cavetoque
1093 953 1130 994 ne
1160 952 1226 993 sero
1250 953 1342 995 seces.
1362 935 1422 992 bill

196 1042 372 1119 priusquam
397 1059 497 1100 semen
521 1048 669 1100 maturum
694 1041 758 1119 siet,
782 1047 890 1118 secato,
915 1048 944 1100 et
963 1041 1041 1119 quod
1061 1042 1204 1119 optimum
1224 1042 1342 1101 faenum

197 1149 269 1226 erit,
297 1165 433 1207 seorsum
456 1148 588 1226 condito,
616 1165 670 1226 per
698 1165 750 1208 ver
778 1165 846 1207 cum
874 1143 1012 1227 arabunt,
1041 1156 1198 1227 antequam
1223 1151 1341 1208 ocinum

196 1253 265 1334 des,
289 1253 369 1333 quod
394 1253 481 1314 edant
505 1257 599 1315 boves.

286 1361 389 1422 Bubus
412 1361 553 1439 pabulum
577 1361 633 1446 boc
657 1360 744 1420 modo
767 1363 865 1440 parari
890 1362 1012 1440 darique
1042 1369 1166 1439 oportet.
1213 1361 1264 1421 uhi
1297 1381 1341 1422 se·
1360 1363 1433 1419 Lllll

154 1479 180 1515 10
194 1471 321 1528 meatim
349 1471 525 1549 patraveris,
553 1469 688 1546 glandem
717 1471 816 1546 parari
844 1468 960 1547 legique
989 1475 1106 1547 oportet
1129 1476 1159 1528 et
1182 1471 1212 1529 in
1236 1488 1342 1548 aquam

194 1577 302 1636 conici.
345 1578 413 1637 inde
438 1575 584 1635 semodios
608 1574 732 1653 singulis
756 1574 854 1635 bubus
878 1577 908 1635 in
932 1575 995 1635 dies
1019 1575 1084 1635 dari
1107 1582 1236 1656 oportet,
1264 1584 1293 1635 et
1317 1579 1342 1635 si

194 1697 255 1741 non
280 1681 470 1764 laborabunt,
498 1690 657 1761 pascantur
686 1684 777 1742 satius
806 1685 876 1760 erit,
906 1691 957 1743 aut
984 1683 1114 1744 modium
1143 1685 1341 1764 vinaceorum,

194 1791 327 1866 quasin
352 1789 461 1850 dolium
487 1790 664 1851 condideris,
702 1789 832 1849 interdiu
856 1791 982 1869 pascito,
1007 1796 1097 1848 noctu
1121 1790 1199 1849 faeni
1222 1806 1251 1850 P.
1271 1806 1341 1852 xxv

195 1897 250 1955 uni
272 1896 341 1957 bovi
365 1897 441 1958 dato.
479 1900 503 1957 si
527 1897 645 1957 faenum
668 1915 728 1956 non
752 1898 821 1976 erit,
845 1896 981 1956 frondem
1004 1895 1140 1973 iligneam
1165 1904 1195 1956 et
1218 1896 1339 1957 hedera·
1364 1892 1381 1946 2

156 2009 181 2048 1⁵
196 2018 281 2062 ceam
304 2003 380 2064 date.
421 2000 519 2083 paleas
547 2005 679 2064 triticeas
708 2010 737 2063 et
764 2002 956 2079 hordeaceas,
989 2021 1060 2063 acus
1089 2003 1271 2081 iabaginum,
1304 2008 1342 2066 de

199 2108 272 2169 vicia
304 2109 351 2170 vel
379 2110 415 2170 de
444 2110 559 2190 lupino,
591 2113 661 2170 item
696 2110 733 2170 de
761 2111 869 2170 ceteris
900 2110 1048 2189 frugibus,
1082 2112 1180 2169 omnia
1212 2111 1340 2171 condito.

201 2200 267 2274 cum
290 2224 452 2278 stramenta
475 2218 594 2298 condes,
618 2236 693 2296 quae
716 2217 928 2278 herbosissima
943 2225 1040 2297 erunt,
1063 2218 1092 2276 in
1117 2224 1196 2312 tpcto
1221 2216 1339 2278 condito

205 2324 311 2384 casale
334 2327 474 2405 spargito,
498 2325 604 2384 deinde
628 2342 662 2384 ea
685 2342 740 2402 pro
764 2325 849 2383 faeno
873 2325 949 2385 dato.
991 2323 1042 2383 ubi
1065 2341 1157 2384 verno
1181 2325 1250 2384 dare
1275 2344 1339 2385 coe·
1364 2317 1382 2374 3
1466 2355 1469 2360 v

208 2429 293 2510 peris,
322 2431 454 2492 modium
478 2427 591 2510 glandis
619 2439 670 2491 aut
697 2433 886 2491 vinaceorum
915 2426 982 2492 dato
1011 2439 1062 2491 aut
1089 2430 1221 2491 modium
1245 2432 1340 2510 lupini

212 2542 410 2562 χ--η

270 2609 285 2656 b
304 2604 427 2658 Faenum
449 2605 525 2659 Ptin.
544 2609 590 2672 18,
608 2609 667 2662 260

269 2770 284 2818 1
306 2765 359 2819 ‘Ex
376 2783 432 2820 una
449 2768 529 2835 parte
547 2769 720 2835 perpetuum.
763 2765 799 2819 Vt
816 2768 848 2819 tn
865 2766 1009 2819 nonnullis
1026 2767 1177 2834 Impresste,
1200 2767 1241 2818 tta
1259 2766 1340 2819 etiam

197 2841 223 2896 Vt
240 2856 369 2924 antiquie
386 2856 431 2910 bv'e
448 2856 522 2910 toene
539 2856 582 2908 ita
598 2857 717 2922 scriptus
735 2859 780 2922 est,
799 2858 866 2907 nota
883 2859 973 2907 tamen
987 2855 1012 2907 ei
1025 2855 1116 2907 mendi
1130 2856 1270 2921 adposito,
1289 2856 1341 2908 otti

184 2943 218 2983 ‘x
235 2946 411 3009 contectura,
429 2949 461 2997 ut
470 2949 549 3012 puto,
569 2943 658 3010 Prope
672 2940 768 3008 imum,
788 2942 969 3008 casttpornnt’
991 2940 1128 2995 Victorv'ns
1199 2942 1268 3011 ima]
1282 2928 1340 2996 ‘une

181 3013 287 3086 VAR
367 3035 532 3102 perpetuum
548 3031 639 3085 PAR
657 3047 744 3100 prope
762 3029 879 3083 imumo
951 3029 1046 3082 2siue
1065 3029 1212 3082 calixAR
1231 3029 1254 3081 si
1273 3046 1339 3083 uero

161 3108 258 3168 ⁰³¹1&
293 3122 319 3175 V
401 3122 499 3192 calice]
521 3120 608 3175 calice
627 3121 655 3173 A
739 3119 769 3171 in
787 3117 826 3186 (in
845 3134 894 3171 om.
915 3117 950 3185 b.)
975 3117 1101 3171 scrobem
1120 3116 1216 3186 ponito
1236 3117 1296 3170 AR
1315 3124 1340 3173 et

149 3201 192 3246 ‘⁹³⁴⁰
208 3199 435 3266 Laurentiano
450 3215 546 3277 30,10
566 3210 733 3274 Potitv'onno,
752 3206 782 3260 in
801 3207 898 3261 scrobe
913 3206 1003 3275 posim
1025 3204 1051 3257 V
1103 3205 1339 3274 4pr0pagauItA

249 3301 280 3349 5
302 3300 335 3354 It.
355 3299 430 3353 LXII
448 3300 489 3354 De
508 3298 623 3354 fenisica
642 3298 668 3350 A
687 3295 728 3350 De
747 3295 892 3351 foenisicia
912 3296 959 3348 Pb
977 3293 1019 3348 De
1037 3293 1217 3349 foenisicioo
1290 3296 1339 3349 Fe·

135 3374 238 3430 num
275 3390 308 3442 A
336 3389 460 3443 Poenum
485 3388 541 3441 VR
630 3389 710 3456 tepus
728 3386 755 3439 A
847 3386 935 3456 seces]
955 3387 1027 3440 setes
1046 3385 1073 3437 A
1164 3386 1292 3439 dfeuurn
1312 3387 1338 3438 A

132 3448 326 3532 f9¹1¹11nb
350 3477 463 3532 foenum
487 3477 529 3531 Vc
619 3482 634 3529 ’1
655 3475 765 3530 ocinum
786 3474 834 3528 Pb
855 3474 981 3528 occinum
1000 3476 1027 3529 A
1048 3469 1158 3528 0⁰cinum
1177 3490 1191 3527 c
1210 3490 1339 3542 ocymum

130 3551 150 3590 υ
302 3571 318 3620 8
337 3567 423 3622 edant
440 3583 456 3621 n
475 3566 561 3621 edunt
582 3566 672 3619 PAR
690 3571 715 3618 et
734 3565 835 3618 codeces
861 3563 989 3631 Victorii,
1009 3564 1156 3618 comedant
1175 3563 1231 3616 eod.
1251 3562 1338 3616 Lonv.

133 3630 200 3700 3⁰>
229 3653 295 3707 10
379 3656 464 3710 boues
484 3672 533 3710 om.
559 3655 643 3709 VAR
935 3644 937 3647 ¹
989 3726 991 3731 η

249 3744 279 3791 9
304 3745 335 3799 R.
355 3744 444 3798 LXIII
462 3743 556 3798 Bubus
569 3745 701 3813 pabulum
718 3744 744 3796 A
756 3743 782 3796 V
798 3741 868 3796 Rubi
883 3742 1017 3810 pabulum
1033 3743 1048 3795 b
1120 3739 1256 3811 papulum
1270 3755 1338 3794 corr.

140 3811 331 3886 Pabulum
348 3835 375 3887 A
466 3831 527 3902 ubi]
549 3833 590 3886 uti
609 3834 636 3886 A
728 3838 760 3885 10
779 3831 935 3901 patraueris
954 3830 981 3883 A
1004 3830 1159 3899 piataueris
1180 3830 1247 3896 Pes
1260 3845 1340 3896 para-

145 3905 254 3964 ueris
286 3923 325 3976 ov
404 3928 435 3975 11
456 3915 568 3974 moeros
587 3921 614 3974 A
684 3920 857 3975 inarmans
876 3921 903 3973 A
982 3926 1013 3972 12
1032 3920 1146 3973 monum
1165 3919 1193 3972 A
1264 3917 1341 3970 urna-

156 3999 310 4063 <reorum
328 4011 387 4065 AR
405 4010 577 4064 uinacmrum
601 4009 627 4063 V
697 4016 729 4064 13
747 4010 805 4064 feni
823 4010 851 4062 A
870 4008 928 4082 fpni
948 4011 962 4063 b
982 4007 1056 4060 foeni
1077 4008 1121 4060 Vc
1194 4013 1226 4058 14
1245 4006 1360 4058 fenum
1407 4024 1413 4036 ·

165 4073 338 4170 Astssnum
358 4103 374 4155 b
393 4099 505 4154 foenum
531 4101 573 4154 Vc
662 4098 814 4169 inligneam
835 4100 862 4151 A
947 4094 1122 4149 hederaciam
1143 4094 1192 4146 Pb
1211 4094 1338 4146 herdera-

174 4166 257 4228 ’ΜΠ
283 4191 313 4242 A
332 4188 488 4244 ederaciam
507 4206 522 4244 e
540 4188 729 4243 ederatiamo
803 4194 835 4241 15
855 4189 884 4242 et
902 4186 1070 4239 hordeaceus
1092 4183 1119 4234 P
1143 4183 1171 4236 eb
1191 4183 1338 4236 ordeaceos

186 4251 257 4316 ‘4⁰22
283 4281 315 4332 et
331 4277 526 4333 hederaciarb
600 4278 634 4331 de
652 4276 738 4347 vicia]
760 4276 833 4330 uicia
849 4275 941 4328 PAR
959 4271 1096 4326 uiciamn
1170 4277 1202 4325 16
1222 4270 1339 4325 caeteris

198 4338 222 4390 V
304 4371 334 4420 n
352 4366 537 4421 ceraunius
555 4367 582 4419 A
657 4371 688 4418 18
709 4365 772 4418 feno
793 4365 818 4416 A
838 4364 902 4437 vano
921 4365 936 4416 a
956 4363 1037 4416 foeno
1062 4361 1107 4415 Va
1179 4359 1345 4430 coepernv

208 4443 351 4508 oiiiffl‘isxA
370 4455 476 4528 ceperis
496 4456 531 4509 bc
605 4461 637 4508 19
655 4454 835 4509 uinaceomm
856 4452 937 4506 PAR
956 4449 1162 4506 uiuaciorumo
