3000 5026
253 328 320 392 300
509 319 512 323 ’
746 325 935 380 vinnons

228 494 335 573 5quod
365 497 428 554 sine
458 493 547 553 dubio
576 493 651 553 elius
679 493 735 552 alio
764 491 853 552 habet
878 492 972 570 plura.
1017 491 1072 551 hes
1096 510 1214 571 quoque
1239 511 1335 570 nuper
1358 495 1404 553 in·

253 603 393 662 stitutum
423 608 456 660 ut
487 602 656 678 saginarunt
685 600 839 679 pleraque,
868 618 936 659 eum
960 607 1100 677 exceptos
1121 618 1137 659 e
1159 599 1309 678 leporario
1332 617 1403 658 eun·

253 709 324 768 dant
354 711 385 769 in
419 710 516 768 naveis
550 714 580 767 et
612 707 676 766 loeo
711 706 811 766 clauso
845 706 954 767 leniant
986 708 1122 784 pingues.
1173 724 1301 786 quorum
1329 723 1403 783 ergo

255 817 311 875 tria
335 833 443 893 genera
468 815 529 874 sere
550 823 632 874 sum:
657 832 749 873 uinum
768 811 901 879 italicum
919 811 976 872 hoe
995 820 1131 872 nostrum
1151 811 1277 891 pedibus
1296 813 1404 890 primis

254 921 431 1002 humilibus,
455 921 671 1000 posterioribus
696 920 776 1001 altis,
800 921 954 997 superiore
978 928 1061 998 parte
1086 917 1174 998 pulla,
1196 928 1301 979 venire
1324 918 1433 998 alnus

254 1027 376 1088 auribus
400 1027 503 1106 longis.
550 1030 601 1106 qui
625 1027 709 1107 lepus
733 1027 851 1105 dieitur,
878 1044 945 1086 eum
969 1044 1113 1105 praegnas
1138 1028 1185 1106 sil,
1209 1033 1307 1086 tamen
1332 1044 1403 1086 con·

254 1137 363 1212 cipere.
413 1136 444 1194 in
473 1133 563 1194 Gallia
598 1133 776 1212 transalpina
810 1140 839 1192 el
867 1131 1036 1193 Macedonia
1069 1132 1144 1192 fiunt
1172 1133 1340 1212 permagni,
1371 1135 1403 1192 in

228 1241 397 1320 6Hispania
427 1248 456 1301 et
483 1242 514 1301 in
542 1239 623 1300 ltalia
652 1240 824 1300 medioeres,
875 1239 997 1299 alterius
1025 1240 1143 1317 generis
1171 1248 1229 1319 esl,
1263 1239 1341 1318 quod
1371 1241 1403 1298 in

255 1347 345 1408 Gallia
369 1350 502 1408 nascitur
525 1347 561 1407 ad
585 1345 680 1425 Alpis,
705 1348 757 1425 qui
780 1345 836 1406 hoe
861 1346 922 1406 lere
946 1353 1076 1425 mutant,
1100 1345 1178 1423 quod
1202 1347 1257 1405 toti
1281 1345 1404 1406 candidi

254 1466 336 1514 sunt:
369 1455 390 1513 ii
419 1473 486 1515 rem
513 1456 707 1533 perferuntur
735 1454 865 1514 Romam.
911 1455 993 1513 lentii
1020 1455 1138 1532 generis
1167 1461 1226 1532 est,
1258 1453 1338 1532 quod
1371 1455 1403 1513 in
1421 1465 1448 1505 1⁰

253 1560 392 1639 Hispania
417 1565 558 1641 nascitur,
583 1560 686 1621 similis
711 1569 812 1620 nostro
836 1559 931 1640 lepori
955 1579 991 1620 ex
1011 1560 1136 1639 quadem
1155 1567 1248 1638 parte,
1272 1561 1325 1620 sed
1346 1561 1403 1622 hu-

252 1667 330 1749 mile,
354 1687 442 1746 quem
466 1668 637 1730 cuniculum
661 1667 817 1746 appellant.
850 1666 883 1729 L.
902 1666 1001 1726 Aelius
1024 1665 1147 1744 putabat
1170 1664 1207 1725 ab
1229 1684 1264 1727 eo
1284 1666 1402 1728 dictum

254 1774 385 1852 leporem
409 1794 424 1835 a
449 1775 652 1854 eeleriludine,
676 1775 754 1853 quod
779 1774 890 1852 levipes
914 1781 1001 1834 esset.
1035 1791 1089 1851 ego
1109 1772 1237 1833 arbitror
1256 1792 1273 1833 a
1292 1791 1404 1852 graecu

254 1881 395 1942 vocabulo
415 1885 520 1962 anulino,
542 1882 620 1960 quod
641 1900 708 1941 eum
727 1881 825 1942 Aeolis
846 1879 889 1957 [et
908 1880 1032 1958 bonum]
1052 1875 1190 1959 λέποριν
1204 1879 1402 1959 appellabant

254 1988 384 2048 cuniculi
408 1989 479 2049 dieii
503 1988 538 2048 ab
563 2008 606 2069 eo,
631 1989 709 2068 quod
734 1987 789 2048 sub
813 1996 893 2048 term
918 1988 1072 2048 cuniculos
1095 1990 1152 2068 ipsi
1176 1988 1273 2048 faeere
1293 1987 1403 2068 solent,
1419 2000 1446 2040 1⁵

227 2095 308 2157 ”lubi
336 2095 445 2171 laiepnt
472 2097 503 2155 in
531 2098 618 2174 agris.
665 2095 771 2156 hortum
800 2098 930 2155 omnium
954 2097 1010 2155 tria
1034 2113 1155 2175 genera,
1184 2097 1210 2154 si
1232 2097 1346 2174 possis,
1370 2096 1402 2155 in

251 2202 397 2280 leporario
431 2201 540 2262 habere
573 2210 699 2280 oportet.
749 2202 808 2261 duo
838 2201 957 2280 quidem
986 2203 1090 2280 utique
1120 2209 1149 2262 te
1176 2201 1286 2262 hahere
1317 2212 1401 2284 pute,

253 2308 309 2386 [et]
340 2309 417 2388 quod
448 2311 477 2369 iu
502 2309 642 2387 Hispania
671 2311 756 2369 annis
785 2311 824 2368 ita
854 2309 937 2369 luisti
964 2306 1079 2389 multis,
1106 2316 1140 2369 ut
1167 2308 1238 2368 inde
1261 2316 1291 2368 ie
1317 2311 1401 2370 cuui-

67 2484 70 2489 ,
253 2416 335 2475 eules
359 2424 534 2495 persecutos
558 2415 685 2476 credam.

68 2504 80 2529 '¹
180 2511 247 2573 Xlll
345 2524 440 2600 Apros
465 2521 584 2600 quidem
608 2539 694 2600 posse
718 2520 822 2580 haberi
844 2523 874 2581 in
898 2518 1054 2601 leporario,
1077 2540 1133 2581 nee
1152 2540 1259 2607 magno
1279 2527 1435 2602 negotiose

324 2717 338 2764 1
358 2712 409 2765 hos
428 2725 539 2779 quoque
558 2727 646 2779 nuper
663 2709 824 2764 institutum
845 2711 968 2765 Macron.
987 2716 1094 2765 saturn.
1114 2711 1172 2764 III
1188 2716 1236 2779 13,
1256 2717 1292 2767 14

323 2895 337 2942 1
357 2890 428 2943 nlius
448 2890 504 2945 ulio
523 2892 610 2945 habet
627 2890 689 2945 AB
714 2889 851 2943 Victorius
870 2887 941 2942 nlius
960 2888 1046 2942 hebet
1065 2889 1120 2944 ulio
1143 2889 1167 2943 V
1239 2891 1323 2960 plure
1340 2893 1392 2959 Au,

247 2981 295 3035 secl
312 2978 375 3032 lura
393 2980 424 3033 in
442 2995 542 3034 rasura
556 2979 592 3046 A,
611 2995 681 3047 para
696 2979 753 3031 Bu
771 2994 846 3045 pura
862 2978 889 3031 P
942 2983 957 3030 2
977 2978 1136 3043 seruassent
1150 2969 1320 3049 augmentent,
1338 2982 1386 3052 ple·

249 3069 328 3135 rique
357 3085 421 3121 eum
494 3069 655 3137 saginareni
680 3068 772 3120 PAB
796 3066 1031 3137 saginarenturn
1103 3068 1226 3123 condant
1254 3070 1310 3124 ΥΒ
1333 3087 1388 3125 eon-

250 3156 364 3210 eludeni
383 3156 457 3225 Au,
481 3159 527 3212 sed
551 3156 596 3210 clu
619 3162 650 3210 ut
668 3157 776 3210 videtur
794 3157 908 3210 deletum
927 3155 955 3210 A
974 3157 1113 3224 quondum
1136 3158 1240 3213 codices
1258 3159 1387 3225 Macrobii

249 3251 299 3298 sul.
320 3245 496 3312 11113‚14
553 3244 731 3300 3faiianiA
786 3261 903 3312 quorum
923 3261 989 3315 ergo
1004 3245 1093 3300 PAB
1112 3262 1208 3300 eorum
1228 3263 1326 3318 ergon
1372 3252 1455 3334 χ

249 3335 286 3387 ho
301 3333 329 3386 A
343 3351 410 3389 conr.
426 3336 479 3390 hoe
490 3335 530 3388 Α2
585 3342 601 3389 6
615 3351 751 3404 praegnas
764 3332 822 3387 PB
837 3341 957 3403 pregnes
967 3334 994 3386 A
1009 3351 1166 3404 praegnans
1180 3353 1196 3390 u
1253 3343 1267 3392 7
1283 3337 1452 3418 galliQ

248 3440 307 3477 unna
322 3425 482 3492 luteruposl
492 3424 502 3476 i
512 3421 698 3493 delelupriore
708 3425 764 3478 loeo
774 3423 801 3475 A
856 3429 871 3475 9
888 3423 922 3476 nd
934 3423 1012 3491 alpes
1022 3424 1167 3478 Iucundus
1177 3424 1297 3495 edadpis
1310 3423 1451 3500 PAQ
1493 3418 1496 3427 ’

249 3547 418 3617 ududapisu
491 3548 545 3603 hoe
562 3550 776 3616 superscriptum
794 3549 826 3601 n'n
843 3548 871 3600 Β
945 3553 976 3600 10
998 3547 1019 3600 ii
1037 3566 1099 3603 raro
1119 3513 1215 3603 PBhii
1233 3567 1297 3606 raro
1316 3552 1345 3609 A
1370 3547 1451 3616 hi

248 3654 346 3691 rerou
404 3637 489 3692 tercii
505 3637 531 3689 A
592 3643 625 3688 14
644 3637 737 3690 unlieo
757 3637 786 3689 A
803 3635 918 3703 antiquo
943 3637 1000 3690 ΥΒ
1054 3654 1116 3691 eum
1137 3638 1225 3694 aeolis
1245 3642 1274 3694 et
1293 3641 1452 3698 bonum

248 3725 375 3794 leporum
403 3723 587 3794 appellebant
611 3724 703 3779 PAB
731 3743 766 3796 ee
789 3726 881 3780 aeoles
905 3724 994 3779 boetii
1018 3725 1140 3796 leporem
1165 3728 1361 3797 appellebant
1426 3747 1454 3782 ⁴0.

251 3812 342 3878 ‘Quod
368 3830 430 3866 eum
450 3813 545 3867 Aeolis
565 3814 673 3868 Boeotii
696 3815 822 3884 leporim.
861 3815 961 3869 Nescio
984 3833 1023 3869 un
1044 3816 1076 3869 in
1097 3817 1140 3870 ln's
1159 3818 1252 3871 uerbis
1270 3815 1457 3874 meudun

248 3903 292 3969 eit,
313 3904 429 3972 antiqua
447 3908 516 3957 eene
535 3905 611 3957 lectio
630 3905 749 3970 diuersa,
769 3921 837 3973 quae
856 3909 946 3958 lamen
963 3905 1045 3959 ualde
1055 3906 1220 3972 perturbata
1234 3913 1290 3963 eu:
1304 3897 1461 3965 Aeoli⁸

248 3993 278 4045 et
296 3991 399 4045 bonum
419 3991 558 4062 leporum’
583 3992 727 4049 Victorius.
761 3996 790 4047 ei
808 3992 912 4047 bonum
930 3995 1043 4048 inclusit
1058 3995 1198 4062 Zulelfeldl
1216 3978 1462 4066 quaesu'cfl'l·

247 4080 279 4134 in
301 4079 381 4134 Van.
401 4099 453 4136 ner.
472 4088 539 4138 nuel.
559 4085 620 4137 libr.
638 4101 667 4151 p.
687 4087 727 4138 26
800 4087 832 4135 15
852 4082 919 4151 ipsis
938 4083 997 4136 An
1071 4091 1102 4138 18
1122 4088 1151 4138 ei
1169 4085 1269 4141 deleuit
1289 4068 1463 4144 Sclffief'

247 4169 328 4224 derus
408 4171 500 4224 fuistis
525 4173 551 4225 A
633 4178 664 4226 19
693 4173 852 4242 persecutos
882 4172 938 4225 ΥΒ
961 4176 1156 4240 persecunetos
1180 4175 1207 4227 A
1231 4160 1463 4244 prosele¹1¹²⁴³8

252 4256 369 4311 Ursinus

319 4352 353 4400 20
372 4348 486 4414 quidem
506 4364 573 4402 eurr.
594 4349 707 4416 quidem
727 4349 752 4401 A
825 4365 908 4417 posse
927 4349 1030 4404 habere
1046 4351 1137 4404 PAR
1156 4352 1260 4407 hebere
1281 4352 1427 4423 posse
1458 4341 1470 4378 υ

247 4433 345 4488 heberi
363 4452 443 4504 posse
468 4436 585 4491 Ursinus
656 4438 773 4509 negocio
798 4437 824 4492 Υ
