3000 5026
236 315 300 378 154
728 314 913 371 VARRONIS
929 344 935 356 ·

237 481 392 543 facientem
420 484 553 542 imitetur
576 491 606 543 et
630 490 663 543 ut
686 483 899 543 animadvertat
922 500 989 542 cum
1014 501 1082 542 cum
1106 500 1193 542 causa
1217 481 1276 542 sibi
1298 500 1383 562 prae·

209 594 314 670 desse,
334 590 412 667 quod
432 591 554 650 scientia
573 598 712 668 praestet.
748 608 845 669 neque
860 589 918 650 illis
932 589 1155 650 concedendum
1170 592 1210 650 ita
1225 592 1384 671 imperare,

236 704 269 756 ut
288 695 462 756 verberibus
481 705 638 757 coerceant
655 699 754 776 potins
775 715 862 776 quam
881 697 989 776 verbis,
1013 699 1039 755 si
1058 697 1144 756 modo
1163 697 1243 757 idem
1264 698 1385 758 efficere

236 805 340 882 possis.
391 822 487 881 neque
520 804 654 863 eiusdem
686 806 815 864 nationis
847 803 949 881 plures
980 804 1126 882 parandos
1155 821 1230 864 esse.
1283 821 1319 864 ex
1347 823 1385 864 eo

236 913 314 970 enim
343 912 530 988 potissimum
559 911 654 971 solere
682 911 859 970 offensiones
890 910 1067 970 domesticas
1096 912 1169 971 deri.
1215 913 1385 990 praefectos
1411 922 1425 963 ὁ

237 1018 395 1077 alacriores
428 1017 595 1077 faciendum
625 1019 765 1096 praemiis
796 1017 844 1094 [ad
874 1018 1019 1094 facienda]
1049 1017 1203 1096 dandaque
1232 1037 1322 1096 opera
1352 1025 1388 1079 nt

237 1124 363 1184 habeant
387 1123 536 1202 peculium
556 1133 585 1183 et
604 1126 779 1184 coniunctas
798 1142 964 1204 conservas
988 1141 1004 1182 c
1024 1122 1132 1202 quihus
1152 1122 1281 1184 habeant
1299 1124 1387 1185 filios,

237 1250 271 1291 eo
300 1233 380 1291 enim
409 1231 485 1291 fiunt
512 1232 658 1291 firmiores
688 1250 721 1291 ac
745 1233 968 1290 coniunctiores
991 1230 1091 1290 fundo.
1137 1232 1239 1310 itaque
1262 1239 1389 1310 propter

241 1339 294 1398 has
322 1341 512 1416 cognationes
536 1338 703 1416 Epiroticae
732 1337 856 1397 familiae
883 1345 952 1397 sunt
975 1337 1164 1397 inlustriores
1187 1357 1222 1398 ac
1245 1341 1389 1398 cariores.

212 1446 422 1506 tiniciendum
454 1445 633 1506 voluntatem
666 1446 884 1524 praefectorum
917 1444 1029 1504 honore
1061 1444 1160 1524 aliquo
1189 1443 1325 1505 lrabendo
1357 1454 1390 1506 et
1403 1453 1429 1494 10

237 1554 273 1612 de
298 1555 442 1631 operariis
466 1555 517 1630 qui
541 1551 735 1629 praestabunt
758 1552 844 1630 alios,
873 1552 1150 1612 communicandum
1174 1570 1294 1630 quoque
1308 1531 1390 1613 ¹crim

236 1659 292 1740 his,
316 1678 390 1737 quae
415 1659 547 1719 facienda
570 1661 630 1718 siut
653 1677 752 1740 opera,
775 1659 863 1737 qnod,
887 1661 927 1718 ita
953 1676 1022 1719 cum
1045 1658 1087 1738 sit,
1110 1659 1209 1718 minus
1229 1676 1262 1717 se
1280 1667 1391 1737 putant

213 1766 355 1844 idespici
382 1774 470 1845 atque
499 1765 596 1844 aliquo
625 1784 749 1825 numero
777 1765 879 1825 haberi
908 1784 923 1823 a
952 1765 1080 1825 domino,
1126 1765 1324 1826 studiosiores
1353 1766 1390 1826 ad

239 1891 314 1952 opus
338 1873 403 1932 fieri
427 1872 578 1932 liberalius
602 1873 831 1933 tractandoaut
854 1872 974 1932 cibariis
993 1880 1045 1932 aut
1064 1874 1172 1932 vestitu
1190 1872 1318 1951 largiore
1339 1883 1393 1934 aut

239 1982 415 2041 remissione
449 1983 549 2059 operis
582 1982 824 2060 concessionem,
858 1987 890 2039 ut
918 1979 1067 2058 peculiare
1096 1945 1206 2058 aliquid
1234 1981 1266 2039 in
1295 1980 1391 2040 fundo
1405 1986 1431 2028 1⁵

237 2106 360 2167 pascere
384 2087 486 2168 liceat,
509 2087 633 2147 huiusce
658 2077 737 2147 modi
761 2105 861 2146 rerum
886 2087 959 2167 aliis,
983 2095 1016 2146 ut
1039 2085 1148 2165 quibus
1171 2086 1243 2164 quid
1268 2089 1392 2164 gravius

239 2198 277 2255 sit
300 2198 478 2274 imperatam
503 2203 553 2255 ant
576 2195 812 2254 animadversum
836 2196 896 2275 qui,
920 2193 1099 2253 consolando
1124 2184 1227 2253 eorum
1247 2196 1393 2255 restituat

239 2301 418 2362 voluntatem
443 2319 477 2360 ac
500 2301 735 2361 benevolentiam
758 2303 788 2360 in
813 2301 975 2360 dominum.

138 2407 228 2467 XVlll
329 2407 370 2468 lie
383 2457 385 2461 .
398 2406 506 2467 familia
530 2405 601 2466 Cato
629 2407 737 2497 derigit
764 2407 800 2467 ad
827 2408 902 2468 diras
929 2413 1037 2487 metas,
1066 2407 1102 2467 ad
1126 2414 1242 2469 certum
1266 2407 1393 2469 modum

311 2548 344 2596 18
363 2543 404 2597 De
423 2541 532 2596 familia
550 2542 620 2596 Cato
640 2540 744 2612 derigit
763 2542 821 2597 Cat.
841 2561 863 2598 e.
883 2547 926 2597 10.
947 2547 979 2596 11

277 2677 290 2724 1
306 2668 433 2724 imitetur
444 2667 503 2720 ΡΒ
513 2666 743 2721 imitenturAmu
780 2665 987 2722 animaduertat
997 2667 1056 2722 PB
1066 2667 1161 2720 animia
1171 2669 1393 2738 (eorm—nsA')

239 2759 371 2813 aduertat
389 2757 417 2812 A
436 2756 664 2825 animaduerterit
680 2774 728 2812 mu
800 2773 884 2812 causa
902 2756 955 2810 sibi
973 2756 1031 2812 Am
1051 2774 1148 2811 causas
1166 2755 1207 2810 ibi
1223 2757 1284 2811 PB
1302 2774 1393 2812 causa.

239 2848 313 2904 ibio
386 2845 478 2901 sillia
499 2845 591 2899 ΡΑΒ
609 2835 687 2900 illio
759 2846 965 2901 concedendum
983 2846 1043 2900 AB
1063 2832 1274 2900 concedundum
1292 2846 1323 2898 V

240 2944 255 2991 3
284 2938 430 2992 coerceant
449 2935 541 2990 ΡΑΒ
569 2937 731 2991 coerceato
803 2942 820 2988 4
848 2935 908 2988 nati
924 2938 928 3004 Ι
945 2934 1030 2990 tionis
1048 2934 1076 2989 A
1148 2941 1164 2987 6
1192 2935 1229 2989 ad
1256 2934 1394 2991 facienda

240 3027 336 3082 deleuit
354 3026 500 3080 Iummdus
560 3023 781 3095 tcogitationcs
800 3040 871 3078 corr.
890 3024 1071 3093 cognationes
1085 3025 1114 3080 A
1170 3023 1350 3080 inlustriores
1364 3025 1393 3079 A

239 3115 403 3170 illustriores
432 3114 489 3168 VB
563 3119 595 3168 10
619 3112 789 3168 iniciendam
813 3112 960 3181 (initianda
977 3113 1006 3168 A
1027 3112 1207 3168 iniiciendam
1226 3114 1264 3183 P)
1286 3112 1392 3184 uolup-

157 3216 159 3222 ·
238 3205 327 3258 tatem
358 3202 563 3271 praefectorum
595 3204 700 3257 honore
733 3200 828 3269 aliquo
859 3201 987 3256 habendo
1013 3202 1105 3258 ΡΑΒ
1137 3203 1173 3256 ad
1204 3200 1392 3258 iniicicndaru

239 3293 414 3361 uoluptatem
432 3290 477 3346 his
496 3291 687 3361 praefecturae
706 3291 811 3344 honore
827 3288 922 3357 aliquo
936 3290 1058 3345 habendi
1072 3293 1137 3345 sunt
1150 3308 1178 3346 u.
1187 3290 1242 3345 ‘Ad
1257 3290 1390 3346 iniicien-

240 3383 305 3435 dum
330 3380 388 3451 [Ad
411 3379 590 3436 iniiciendam
615 3381 697 3436 editio
722 3379 850 3449 Victorii]
875 3379 1061 3448 uoluptatem.
1098 3381 1178 3436 Idem
1201 3381 1233 3435 de
1256 3381 1308 3436 lue
1332 3383 1390 3436 ῑοοο

239 3473 327 3525 dicere
351 3486 478 3539 possum,
505 3469 577 3538 quod
600 3470 632 3523 de
654 3469 781 3537 proximo
803 3469 950 3537 sapatum.
993 3467 1075 3523 Vetus
1098 3470 1176 3524 lectio
1190 3490 1197 3522 z
1211 3468 1389 3524 iniciendum

240 3561 417 3629 uoluptatem
436 3557 640 3627 praefectorum
659 3559 764 3614 honore
783 3558 877 3625 aliquo
897 3557 1041 3623 habendo,
1064 3557 1093 3610 et
1111 3558 1146 3612 da
1164 3556 1316 3628 operariis,
1340 3559 1389 3628 qui

239 3648 423 3716 praestabant
441 3645 521 3700 alios.
559 3644 689 3702 Fortasse
702 3664 757 3717 pro
779 3646 959 3715 Voluptatem,
984 3645 1157 3702 Voluntatem
1175 3648 1319 3718 legendum
1337 3649 1384 3704 est’

243 3737 381 3791 Victorius
451 3733 566 3801 fortasse
582 3733 755 3790 incitandum
829 3742 860 3789 11
881 3735 1004 3805 operaris
1018 3735 1046 3790 A
1119 3742 1152 3790 12
1167 3752 1240 3805 quae
1258 3735 1389 3792 facienda

241 3859 297 3913 sint
314 3859 342 3912 Β
366 3874 436 3928 quae
460 3857 591 3913 faciunda
614 3859 670 3913 sint
692 3860 719 3914 V
737 3827 919 3929 quefacienda
942 3862 1007 3914 sunt
1029 3860 1068 3928 A,
1091 3861 1138 3916 se'd
1164 3859 1195 3914 fa
1216 3862 1387 3932 superscrip-

239 3954 298 4003 tum
315 3947 356 4001 Al
374 3965 446 4016 qnae
465 3946 593 4002 facienda
611 3951 677 4003 sunt
693 3967 720 4003 m
792 3965 855 4002 cum
873 3948 905 4002 fit
923 3949 983 4004 AB
1003 3967 1066 4003 cum
1085 3948 1124 4003 sit
1140 3948 1167 4003 V
1237 3954 1269 4002 13
1291 3950 1387 4018 aliquo

238 4040 451 4111 superscriptam
473 4039 505 4092 iu
522 4038 550 4091 B
575 4052 577 4057 ⁴
624 4044 656 4091 15
681 4036 887 4092 concessioniue
905 4039 933 4092 A
952 4055 1020 4094 corr.
1042 4036 1256 4094 concessioneue
1274 4039 1319 4092 A²

240 4128 347 4198 aliquid
370 4127 451 4182 ABo
479 4127 581 4195 aliquit
604 4127 633 4180 P
704 4130 736 4180 18
759 4125 986 4181 beneuolentiam
1008 4127 1065 4181 PA
1093 4124 1317 4181 beniuolentiam
1342 4129 1387 4182 Bo

310 4217 340 4269 in
358 4215 472 4270 domino
490 4216 518 4282 A

313 4309 345 4356 19
369 4303 473 4372 derigit
491 4303 582 4359 ΡΑΒ
605 4303 703 4373 dirigit
721 4322 745 4359 o.
771 4305 823 4359 ‘Iu
845 4305 1035 4375 antiquissimo
1058 4306 1140 4374 libro,
1164 4309 1189 4358 et
1206 4303 1260 4371 aa,
1279 4311 1307 4359 et
1325 4306 1392 4361 aliis

240 4391 272 4444 iu
301 4390 381 4457 loeis,
407 4393 456 4448 tae
482 4394 636 4448 uerbumE
661 4394 693 4448 fu
710 4394 806 4464 puma
829 4394 937 4466 syllaba
958 4393 1048 4448 tabet’
1076 4392 1213 4448 Victorius
1286 4395 1391 4468 metas]

240 4479 314 4534 mest
330 4480 374 4533 tas
393 4482 421 4534 A
