<?xml version="1.0" encoding="UTF-8"?>
<!DOCTYPE html PUBLIC "-//W3C//DTD XHTML 1.0 Transitional//EN"
    "http://www.w3.org/TR/xhtml1/DTD/xhtml1-transitional.dtd">
<html xmlns="http://www.w3.org/1999/xhtml" xml:lang="en" lang="en">
 <head>
  <title>
</title>
<meta http-equiv="Content-Type" content="text/html;charset=utf-8" />
  <meta name='ocr-system' content='tesseract 3.04.00' />
  <meta name='ocr-capabilities' content='ocr_page ocr_carea ocr_par ocr_line ocrx_word'/>
</head>
<body>
  <div class='ocr_page' id='page_1' title='image "./mporcicatonisde01keilgoog_0204.png"; bbox 0 0 3000 5026; ppageno 0'>
   <div class='ocr_carea' id='block_1_1' title="bbox 395 317 1294 396">
    <p class='ocr_par' dir='ltr' id='par_1_1' title="bbox 395 317 1294 396">
     <span class='ocr_line' id='line_1_1' title="bbox 395 317 1294 396; baseline 0.013 -11"><span class='ocrx_word' id='word_1_1' title='bbox 395 331 524 388; x_wconf 82' lang='lat' dir='ltr'>annun</span> <span class='ocrx_word' id='word_1_2' title='bbox 545 330 780 388; x_wconf 81' lang='lat' dir='ltr'>avsrronnvu</span> <span class='ocrx_word' id='word_1_3' title='bbox 798 331 865 388; x_wconf 84' lang='lat' dir='ltr'>nin.</span> <span class='ocrx_word' id='word_1_4' title='bbox 884 332 897 385; x_wconf 88' lang='lat'><em>1</em></span> <span class='ocrx_word' id='word_1_5' title='bbox 918 317 1038 386; x_wconf 67' lang='grc' dir='ltr'>ιιι-41</span> <span class='ocrx_word' id='word_1_6' title='bbox 1231 332 1294 396; x_wconf 80' lang='lat'>179</span> 
     </span>
    </p>
   </div>
   <div class='ocr_carea' id='block_1_2' title="bbox 115 499 1314 1823">
    <p class='ocr_par' dir='ltr' id='par_1_2' title="bbox 115 499 1314 1772">
     <span class='ocr_line' id='line_1_2' title="bbox 147 499 1294 579; baseline 0.001 -21"><span class='ocrx_word' id='word_1_7' title='bbox 147 501 177 559; x_wconf 89' lang='lat' dir='ltr'>in</span> <span class='ocrx_word' id='word_1_8' title='bbox 210 518 297 578; x_wconf 90' lang='lat' dir='ltr'>qnam</span> <span class='ocrx_word' id='word_1_9' title='bbox 327 499 523 560; x_wconf 75' lang='lat' dir='ltr'>transferatur</span> <span class='ocrx_word' id='word_1_10' title='bbox 551 508 581 560; x_wconf 90' lang='lat' dir='ltr'>et</span> <span class='ocrx_word' id='word_1_11' title='bbox 610 518 668 578; x_wconf 92' lang='lat' dir='ltr'>quo</span> <span class='ocrx_word' id='word_1_12' title='bbox 698 507 830 579; x_wconf 86' lang='lat' dir='ltr'>tempore</span> <span class='ocrx_word' id='word_1_13' title='bbox 854 502 883 560; x_wconf 83' lang='lat' dir='ltr'>et</span> <span class='ocrx_word' id='word_1_14' title='bbox 907 519 994 579; x_wconf 90' lang='lat' dir='ltr'>quem</span> <span class='ocrx_word' id='word_1_15' title='bbox 1018 501 1054 561; x_wconf 92' lang='lat' dir='ltr'>ad</span> <span class='ocrx_word' id='word_1_16' title='bbox 1078 499 1198 560; x_wconf 91' lang='lat' dir='ltr'>modum</span> <span class='ocrx_word' id='word_1_17' title='bbox 1222 499 1294 560; x_wconf 93' lang='lat' dir='ltr'>obli·</span> 
     </span>
     <span class='ocr_line' id='line_1_3' title="bbox 149 606 1294 686; baseline 0.002 -21"><span class='ocrx_word' id='word_1_18' title='bbox 149 613 245 684; x_wconf 82' lang='lat' dir='ltr'>gctur.</span> <span class='ocrx_word' id='word_1_19' title='bbox 291 625 351 666; x_wconf 93' lang='lat' dir='ltr'>non</span> <span class='ocrx_word' id='word_1_20' title='bbox 380 609 458 667; x_wconf 91' lang='lat' dir='ltr'>enim</span> <span class='ocrx_word' id='word_1_21' title='bbox 487 608 584 686; x_wconf 92' lang='lat' dir='ltr'>pirum</span> <span class='ocrx_word' id='word_1_22' title='bbox 613 609 720 685; x_wconf 80' lang='lat' dir='ltr'>recipit</span> <span class='ocrx_word' id='word_1_23' title='bbox 748 622 891 685; x_wconf 88' lang='lat' dir='ltr'>quercus:</span> <span class='ocrx_word' id='word_1_24' title='bbox 919 608 1123 686; x_wconf 88' lang='lat' dir='ltr'>nequeenim</span> <span class='ocrx_word' id='word_1_25' title='bbox 1151 608 1176 666; x_wconf 92' lang='lat' dir='ltr'>si</span> <span class='ocrx_word' id='word_1_26' title='bbox 1199 606 1294 667; x_wconf 92' lang='lat' dir='ltr'>malus</span> 
     </span>
     <span class='ocr_line' id='line_1_4' title="bbox 147 712 1292 795; baseline 0.001 -23"><span class='ocrx_word' id='word_1_27' title='bbox 147 715 255 791; x_wconf 88' lang='lat' dir='ltr'>pirum.</span> <span class='ocrx_word' id='word_1_28' title='bbox 306 713 362 774; x_wconf 91' lang='lat' dir='ltr'>hoc</span> <span class='ocrx_word' id='word_1_29' title='bbox 392 722 534 775; x_wconf 91' lang='lat' dir='ltr'>secuntur</span> <span class='ocrx_word' id='word_1_30' title='bbox 562 712 662 795; x_wconf 76' lang='lat' dir='ltr'>multi,</span> <span class='ocrx_word' id='word_1_31' title='bbox 693 716 743 793; x_wconf 92' lang='lat' dir='ltr'>qui</span> <span class='ocrx_word' id='word_1_32' title='bbox 772 713 946 793; x_wconf 81' lang='lat' dir='ltr'>haruspices</span> <span class='ocrx_word' id='word_1_33' title='bbox 974 713 1099 774; x_wconf 91' lang='lat' dir='ltr'>audiunt</span> <span class='ocrx_word' id='word_1_34' title='bbox 1130 712 1292 794; x_wconf 88' lang='lat' dir='ltr'>[multum]‚</span> 
     </span>
     <span class='ocr_line' id='line_1_5' title="bbox 147 820 1292 902; baseline 0.002 -24"><span class='ocrx_word' id='word_1_35' title='bbox 147 837 162 878; x_wconf 92' lang='lat' dir='ltr'>a</span> <span class='ocrx_word' id='word_1_36' title='bbox 187 820 298 898; x_wconf 90' lang='lat' dir='ltr'>quibus</span> <span class='ocrx_word' id='word_1_37' title='bbox 321 821 483 902; x_wconf 83' lang='lat' dir='ltr'>proditum,</span> <span class='ocrx_word' id='word_1_38' title='bbox 506 824 536 882; x_wconf 92' lang='lat' dir='ltr'>in</span> <span class='ocrx_word' id='word_1_39' title='bbox 561 821 684 900; x_wconf 77' lang='lat' dir='ltr'>singulis</span> <span class='ocrx_word' id='word_1_40' title='bbox 708 820 864 880; x_wconf 82' lang='lat' dir='ltr'>arboribus</span> <span class='ocrx_word' id='word_1_41' title='bbox 889 827 961 899; x_wconf 91' lang='lat' dir='ltr'>quot</span> <span class='ocrx_word' id='word_1_42' title='bbox 984 838 1091 898; x_wconf 81' lang='lat' dir='ltr'>genera</span> <span class='ocrx_word' id='word_1_43' title='bbox 1115 822 1204 880; x_wconf 91' lang='lat' dir='ltr'>insita</span> <span class='ocrx_word' id='word_1_44' title='bbox 1223 822 1292 900; x_wconf 83' lang='lat' dir='ltr'>sint,</span> 
     </span>
     <span class='ocr_line' id='line_1_6' title="bbox 121 927 1291 1007; baseline -0.001 -21"><span class='ocrx_word' id='word_1_45' title='bbox 121 937 206 986; x_wconf 83' lang='lat' dir='ltr'>⁵uno</span> <span class='ocrx_word' id='word_1_46' title='bbox 240 929 302 988; x_wconf 91' lang='lat' dir='ltr'>ictu</span> <span class='ocrx_word' id='word_1_47' title='bbox 335 936 379 989; x_wconf 89' lang='lat' dir='ltr'>tot</span> <span class='ocrx_word' id='word_1_48' title='bbox 412 928 533 989; x_wconf 81' lang='lat' dir='ltr'>fulmina</span> <span class='ocrx_word' id='word_1_49' title='bbox 567 929 632 988; x_wconf 86' lang='lat' dir='ltr'>fieri</span> <span class='ocrx_word' id='word_1_50' title='bbox 665 927 730 988; x_wconf 91' lang='lat' dir='ltr'>illut</span> <span class='ocrx_word' id='word_1_51' title='bbox 764 927 842 1006; x_wconf 90' lang='lat' dir='ltr'>quod</span> <span class='ocrx_word' id='word_1_52' title='bbox 872 927 982 988; x_wconf 90' lang='lat' dir='ltr'>fulmen</span> <span class='ocrx_word' id='word_1_53' title='bbox 1011 930 1155 1007; x_wconf 91' lang='lat' dir='ltr'>concepit.</span> <span class='ocrx_word' id='word_1_54' title='bbox 1207 929 1232 986; x_wconf 91' lang='lat' dir='ltr'>si</span> <span class='ocrx_word' id='word_1_55' title='bbox 1260 929 1291 986; x_wconf 92' lang='lat' dir='ltr'>in</span> 
     </span>
     <span class='ocr_line' id='line_1_7' title="bbox 142 1016 1288 1114; baseline 0 -22"><span class='ocrx_word' id='word_1_56' title='bbox 142 1035 241 1111; x_wconf 91' lang='lat' dir='ltr'>pirum</span> <span class='ocrx_word' id='word_1_57' title='bbox 265 1016 425 1095; x_wconf 85' lang='lat' dir='ltr'>silvaticam</span> <span class='ocrx_word' id='word_1_58' title='bbox 448 1037 612 1096; x_wconf 85' lang='lat' dir='ltr'>inserueris</span> <span class='ocrx_word' id='word_1_59' title='bbox 636 1036 735 1112; x_wconf 95' lang='lat' dir='ltr'>pirum</span> <span class='ocrx_word' id='word_1_60' title='bbox 759 1036 892 1113; x_wconf 89' lang='lat' dir='ltr'>quamvis</span> <span class='ocrx_word' id='word_1_61' title='bbox 915 1032 1036 1114; x_wconf 85' lang='lat' dir='ltr'>bonam,</span> <span class='ocrx_word' id='word_1_62' title='bbox 1060 1053 1120 1094; x_wconf 95' lang='lat' dir='ltr'>non</span> <span class='ocrx_word' id='word_1_63' title='bbox 1144 1034 1206 1093; x_wconf 88' lang='lat' dir='ltr'>fore</span> <span class='ocrx_word' id='word_1_64' title='bbox 1230 1039 1288 1093; x_wconf 89' lang='lat' dir='ltr'>tam</span> 
     </span>
     <span class='ocr_line' id='line_1_8' title="bbox 142 1125 1314 1222; baseline 0 -23"><span class='ocrx_word' id='word_1_65' title='bbox 142 1141 314 1222; x_wconf 80' lang='lat' dir='ltr'>iucundam,</span> <span class='ocrx_word' id='word_1_66' title='bbox 348 1161 436 1222; x_wconf 91' lang='lat' dir='ltr'>quam</span> <span class='ocrx_word' id='word_1_67' title='bbox 466 1144 492 1202; x_wconf 90' lang='lat' dir='ltr'>si</span> <span class='ocrx_word' id='word_1_68' title='bbox 519 1145 550 1202; x_wconf 93' lang='lat' dir='ltr'>in</span> <span class='ocrx_word' id='word_1_69' title='bbox 578 1160 642 1201; x_wconf 91' lang='lat' dir='ltr'>cam</span> <span class='ocrx_word' id='word_1_70' title='bbox 671 1158 745 1219; x_wconf 92' lang='lat' dir='ltr'>quae</span> <span class='ocrx_word' id='word_1_71' title='bbox 773 1140 917 1200; x_wconf 93' lang='lat' dir='ltr'>silvestris</span> <span class='ocrx_word' id='word_1_72' title='bbox 946 1159 1004 1200; x_wconf 92' lang='lat' dir='ltr'>uon</span> <span class='ocrx_word' id='word_1_73' title='bbox 1033 1143 1080 1201; x_wconf 93' lang='lat' dir='ltr'>sit.</span> <span class='ocrx_word' id='word_1_74' title='bbox 1126 1143 1156 1200; x_wconf 93' lang='lat' dir='ltr'>in</span> <span class='ocrx_word' id='word_1_75' title='bbox 1185 1125 1314 1219; x_wconf 81' lang='lat' dir='ltr'>quam-6</span> 
     </span>
     <span class='ocr_line' id='line_1_9' title="bbox 142 1247 1287 1329; baseline 0.001 -23"><span class='ocrx_word' id='word_1_76' title='bbox 142 1265 270 1326; x_wconf 89' lang='lat' dir='ltr'>cumque</span> <span class='ocrx_word' id='word_1_77' title='bbox 293 1248 429 1308; x_wconf 82' lang='lat' dir='ltr'>arborem</span> <span class='ocrx_word' id='word_1_78' title='bbox 454 1251 576 1329; x_wconf 86' lang='lat' dir='ltr'>inseras,</span> <span class='ocrx_word' id='word_1_79' title='bbox 601 1250 626 1308; x_wconf 91' lang='lat' dir='ltr'>si</span> <span class='ocrx_word' id='word_1_80' title='bbox 650 1247 782 1308; x_wconf 90' lang='lat' dir='ltr'>eiusdem</span> <span class='ocrx_word' id='word_1_81' title='bbox 806 1249 924 1327; x_wconf 84' lang='lat' dir='ltr'>generis</span> <span class='ocrx_word' id='word_1_82' title='bbox 948 1255 1002 1328; x_wconf 86' lang='lat' dir='ltr'>est,</span> <span class='ocrx_word' id='word_1_83' title='bbox 1026 1248 1177 1308; x_wconf 87' lang='lat' dir='ltr'>dumtaxat</span> <span class='ocrx_word' id='word_1_84' title='bbox 1196 1254 1229 1307; x_wconf 92' lang='lat' dir='ltr'>ut</span> <span class='ocrx_word' id='word_1_85' title='bbox 1248 1249 1287 1307; x_wconf 91' lang='lat' dir='ltr'>sit</span> 
     </span>
     <span class='ocr_line' id='line_1_10' title="bbox 144 1332 1285 1436; baseline -0.001 -23"><span class='ocrx_word' id='word_1_86' title='bbox 144 1332 268 1433; x_wconf 86' lang='lat' dir='ltr'>utraquc</span> <span class='ocrx_word' id='word_1_87' title='bbox 288 1355 391 1436; x_wconf 85' lang='lat' dir='ltr'>malus,</span> <span class='ocrx_word' id='word_1_88' title='bbox 411 1358 451 1416; x_wconf 92' lang='lat' dir='ltr'>ita</span> <span class='ocrx_word' id='word_1_89' title='bbox 470 1358 602 1415; x_wconf 88' lang='lat' dir='ltr'>inserere</span> <span class='ocrx_word' id='word_1_90' title='bbox 623 1361 740 1433; x_wconf 90' lang='lat' dir='ltr'>oportet</span> <span class='ocrx_word' id='word_1_91' title='bbox 759 1355 938 1416; x_wconf 80' lang='lat' dir='ltr'>referentem</span> <span class='ocrx_word' id='word_1_92' title='bbox 953 1355 988 1415; x_wconf 94' lang='lat' dir='ltr'>ad</span> <span class='ocrx_word' id='word_1_93' title='bbox 1003 1355 1144 1434; x_wconf 86' lang='lat' dir='ltr'>fructum,</span> <span class='ocrx_word' id='word_1_94' title='bbox 1163 1352 1285 1413; x_wconf 88' lang='lat' dir='ltr'>meliore</span> 
     </span>
     <span class='ocr_line' id='line_1_11' title="bbox 115 1461 1286 1548; baseline 0.001 -28"><span class='ocrx_word' id='word_1_95' title='bbox 115 1470 248 1537; x_wconf 77' lang='lat' dir='ltr'>Ogonere</span> <span class='ocrx_word' id='word_1_96' title='bbox 277 1470 311 1522; x_wconf 90' lang='lat' dir='ltr'>ut</span> <span class='ocrx_word' id='word_1_97' title='bbox 339 1465 377 1522; x_wconf 92' lang='lat' dir='ltr'>sit</span> <span class='ocrx_word' id='word_1_98' title='bbox 406 1461 557 1548; x_wconf 78' lang='lat' dir='ltr'>surculus,</span> <span class='ocrx_word' id='word_1_99' title='bbox 586 1481 674 1541; x_wconf 91' lang='lat' dir='ltr'>quam</span> <span class='ocrx_word' id='word_1_100' title='bbox 702 1471 747 1523; x_wconf 90' lang='lat' dir='ltr'>est</span> <span class='ocrx_word' id='word_1_101' title='bbox 776 1481 833 1542; x_wconf 89' lang='lat' dir='ltr'>quo</span> <span class='ocrx_word' id='word_1_102' title='bbox 863 1464 960 1523; x_wconf 87' lang='lat' dir='ltr'>veniat</span> <span class='ocrx_word' id='word_1_103' title='bbox 983 1461 1081 1523; x_wconf 89' lang='lat' dir='ltr'>arbor.</span> <span class='ocrx_word' id='word_1_104' title='bbox 1127 1468 1172 1522; x_wconf 94' lang='lat' dir='ltr'>cst</span> <span class='ocrx_word' id='word_1_105' title='bbox 1194 1461 1286 1521; x_wconf 86' lang='lat' dir='ltr'>altera</span> 
     </span>
     <span class='ocr_line' id='line_1_12' title="bbox 145 1567 1286 1649; baseline 0.001 -23"><span class='ocrx_word' id='word_1_106' title='bbox 145 1569 254 1644; x_wconf 87' lang='lat' dir='ltr'>species</span> <span class='ocrx_word' id='word_1_107' title='bbox 289 1587 324 1628; x_wconf 86' lang='lat' dir='ltr'>ex</span> <span class='ocrx_word' id='word_1_108' title='bbox 357 1568 462 1628; x_wconf 90' lang='lat' dir='ltr'>arbore</span> <span class='ocrx_word' id='word_1_109' title='bbox 495 1571 526 1628; x_wconf 92' lang='lat' dir='ltr'>in</span> <span class='ocrx_word' id='word_1_110' title='bbox 553 1567 691 1628; x_wconf 86' lang='lat' dir='ltr'>arborem</span> <span class='ocrx_word' id='word_1_111' title='bbox 723 1570 875 1630; x_wconf 91' lang='lat' dir='ltr'>inserendi</span> <span class='ocrx_word' id='word_1_112' title='bbox 902 1588 999 1649; x_wconf 87' lang='lat' dir='ltr'>nuper</span> <span class='ocrx_word' id='word_1_113' title='bbox 1026 1568 1263 1630; x_wconf 90' lang='lat' dir='ltr'>animadversa</span> <span class='ocrx_word' id='word_1_114' title='bbox 1255 1587 1286 1628; x_wconf 92' lang='lat' dir='ltr'>m</span> 
     </span>
     <span class='ocr_line' id='line_1_13' title="bbox 144 1674 1285 1823; baseline 0.002 -92"><span class='ocrx_word' id='word_1_115' title='bbox 144 1674 296 1735; x_wconf 89' lang='lat' dir='ltr'>arboribus</span> <span class='ocrx_word' id='word_1_116' title='bbox 321 1678 504 1755; x_wconf 83' lang='lat' dir='ltr'>propinquis</span> <span class='ocrx_word' id='word_1_117' title='bbox 552 1694 587 1736; x_wconf 85' lang='lat' dir='ltr'>ex</span> <span class='ocrx_word' id='word_1_118' title='bbox 612 1675 730 1750; x_wconf 78' lang='lat' dir='ltr'>arbore,</span> <span class='ocrx_word' id='word_1_119' title='bbox 760 1695 816 1763; x_wconf 93' lang='lat' dir='ltr'>qua</span> <span class='ocrx_word' id='word_1_120' title='bbox 841 1677 903 1797; x_wconf 79' lang='lat' dir='ltr'>vult</span> <span class='ocrx_word' id='word_1_121' title='bbox 925 1676 1040 1798; x_wconf 38' lang='lat' dir='ltr'>habere·</span> <span class='ocrx_word' id='word_1_122' title='bbox 1059 1674 1230 1759; x_wconf 59' lang='lat' dir='ltr'>surculum)</span> <span class='ocrx_word' id='word_1_123' title='bbox 1217 1677 1285 1823; x_wconf 71' lang='lat' dir='ltr'>,lpin</span> 
     </span>
    </p>
   </div>
   <div class='ocr_carea' id='block_1_3' title="bbox 114 1888 1360 2718">
    <p class='ocr_par' dir='ltr' id='par_1_3' title="bbox 114 1888 1360 2612">
     <span class='ocr_line' id='line_1_14' title="bbox 140 1888 1283 1971; baseline -0.001 -23"><span class='ocrx_word' id='word_1_124' title='bbox 140 1889 199 1948; x_wconf 91' lang='lat' dir='ltr'>ciso</span> <span class='ocrx_word' id='word_1_125' title='bbox 228 1907 262 1949; x_wconf 90' lang='lat' dir='ltr'>ao</span> <span class='ocrx_word' id='word_1_126' title='bbox 291 1889 404 1949; x_wconf 79' lang='lat' dir='ltr'>diffisso</span> <span class='ocrx_word' id='word_1_127' title='bbox 432 1889 567 1971; x_wconf 83' lang='lat' dir='ltr'>inplicat,</span> <span class='ocrx_word' id='word_1_128' title='bbox 600 1907 668 1949; x_wconf 89' lang='lat' dir='ltr'>eum</span> <span class='ocrx_word' id='word_1_129' title='bbox 696 1888 793 1950; x_wconf 90' lang='lat' dir='ltr'>locum</span> <span class='ocrx_word' id='word_1_130' title='bbox 823 1892 872 1968; x_wconf 93' lang='lat' dir='ltr'>qui</span> <span class='ocrx_word' id='word_1_131' title='bbox 902 1892 1059 1970; x_wconf 87' lang='lat' dir='ltr'>contingit,</span> <span class='ocrx_word' id='word_1_132' title='bbox 1093 1908 1127 1949; x_wconf 84' lang='lat' dir='ltr'>ex</span> <span class='ocrx_word' id='word_1_133' title='bbox 1157 1896 1283 1966; x_wconf 90' lang='lat' dir='ltr'>utraque</span> 
     </span>
     <span class='ocr_line' id='line_1_15' title="bbox 131 1974 1283 2078; baseline -0.001 -24"><span class='ocrx_word' id='word_1_134' title='bbox 131 2003 221 2072; x_wconf 90' lang='lat' dir='ltr'>parte</span> <span class='ocrx_word' id='word_1_135' title='bbox 246 1974 325 2074; x_wconf 92' lang='lat' dir='ltr'>quod</span> <span class='ocrx_word' id='word_1_136' title='bbox 350 1999 427 2056; x_wconf 91' lang='lat' dir='ltr'>intro</span> <span class='ocrx_word' id='word_1_137' title='bbox 452 2005 497 2056; x_wconf 92' lang='lat' dir='ltr'>est</span> <span class='ocrx_word' id='word_1_138' title='bbox 521 1995 594 2057; x_wconf 88' lang='lat' dir='ltr'>falce</span> <span class='ocrx_word' id='word_1_139' title='bbox 619 2002 819 2078; x_wconf 84' lang='lat' dir='ltr'>extenuatum,</span> <span class='ocrx_word' id='word_1_140' title='bbox 843 1998 882 2057; x_wconf 92' lang='lat' dir='ltr'>ita</span> <span class='ocrx_word' id='word_1_141' title='bbox 908 2004 940 2056; x_wconf 92' lang='lat' dir='ltr'>ut</span> <span class='ocrx_word' id='word_1_142' title='bbox 964 2015 1000 2056; x_wconf 84' lang='lat' dir='ltr'>ex</span> <span class='ocrx_word' id='word_1_143' title='bbox 1024 2014 1081 2056; x_wconf 93' lang='lat' dir='ltr'>una</span> <span class='ocrx_word' id='word_1_144' title='bbox 1100 2002 1184 2074; x_wconf 91' lang='lat' dir='ltr'>parte</span> <span class='ocrx_word' id='word_1_145' title='bbox 1204 1994 1283 2073; x_wconf 91' lang='lat' dir='ltr'>quod</span> 
     </span>
     <span class='ocr_line' id='line_1_16' title="bbox 122 2100 1282 2180; baseline 0 -18"><span class='ocrx_word' id='word_1_146' title='bbox 122 2100 252 2162; x_wconf 87' lang='lat' dir='ltr'>caelum</span> <span class='ocrx_word' id='word_1_147' title='bbox 285 2104 418 2163; x_wconf 92' lang='lat' dir='ltr'>visurum</span> <span class='ocrx_word' id='word_1_148' title='bbox 450 2111 496 2162; x_wconf 90' lang='lat' dir='ltr'>est</span> <span class='ocrx_word' id='word_1_149' title='bbox 528 2104 668 2163; x_wconf 88' lang='lat' dir='ltr'>corticem</span> <span class='ocrx_word' id='word_1_150' title='bbox 704 2121 771 2162; x_wconf 89' lang='lat' dir='ltr'>cum</span> <span class='ocrx_word' id='word_1_151' title='bbox 805 2105 916 2163; x_wconf 88' lang='lat' dir='ltr'>cortice</span> <span class='ocrx_word' id='word_1_152' title='bbox 945 2110 1140 2180; x_wconf 88' lang='lat' dir='ltr'>exaequatum</span> <span class='ocrx_word' id='word_1_153' title='bbox 1168 2101 1282 2162; x_wconf 90' lang='lat' dir='ltr'>habeat.</span> 
     </span>
     <span class='ocr_line' id='line_1_17' title="bbox 114 2208 1282 2290; baseline 0 -22"><span class='ocrx_word' id='word_1_154' title='bbox 114 2210 202 2268; x_wconf 83' lang='lat' dir='ltr'>eius</span> <span class='ocrx_word' id='word_1_155' title='bbox 229 2208 349 2290; x_wconf 85' lang='lat' dir='ltr'>ramuli,</span> <span class='ocrx_word' id='word_1_156' title='bbox 377 2228 466 2289; x_wconf 91' lang='lat' dir='ltr'>quem</span> <span class='ocrx_word' id='word_1_157' title='bbox 493 2212 619 2289; x_wconf 80' lang='lat' dir='ltr'>inseret,</span> <span class='ocrx_word' id='word_1_158' title='bbox 647 2227 789 2269; x_wconf 87' lang='lat' dir='ltr'>cacumen</span> <span class='ocrx_word' id='word_1_159' title='bbox 814 2218 846 2270; x_wconf 92' lang='lat' dir='ltr'>ut</span> <span class='ocrx_word' id='word_1_160' title='bbox 870 2209 1023 2271; x_wconf 87' lang='lat' dir='ltr'>derectum</span> <span class='ocrx_word' id='word_1_161' title='bbox 1047 2211 1085 2269; x_wconf 91' lang='lat' dir='ltr'>sit</span> <span class='ocrx_word' id='word_1_162' title='bbox 1109 2209 1144 2269; x_wconf 89' lang='lat' dir='ltr'>ad</span> <span class='ocrx_word' id='word_1_163' title='bbox 1168 2208 1282 2269; x_wconf 90' lang='lat' dir='ltr'>caelum</span> 
     </span>
     <span class='ocr_line' id='line_1_18' title="bbox 114 2314 1282 2397; baseline -0.001 -21"><span class='ocrx_word' id='word_1_164' title='bbox 114 2322 231 2376; x_wconf 80' lang='lat' dir='ltr'>:urat</span> <span class='ocrx_word' id='word_1_165' title='bbox 277 2323 396 2394; x_wconf 92' lang='lat' dir='ltr'>postero</span> <span class='ocrx_word' id='word_1_166' title='bbox 420 2335 509 2397; x_wconf 81' lang='lat' dir='ltr'>anno,</span> <span class='ocrx_word' id='word_1_167' title='bbox 538 2335 605 2377; x_wconf 90' lang='lat' dir='ltr'>cum</span> <span class='ocrx_word' id='word_1_168' title='bbox 630 2317 819 2397; x_wconf 87' lang='lat' dir='ltr'>conprendit,</span> <span class='ocrx_word' id='word_1_169' title='bbox 845 2317 922 2378; x_wconf 88' lang='lat' dir='ltr'>unde</span> <span class='ocrx_word' id='word_1_170' title='bbox 947 2324 1139 2396; x_wconf 85' lang='lat' dir='ltr'>propagatum</span> <span class='ocrx_word' id='word_1_171' title='bbox 1164 2323 1222 2396; x_wconf 82' lang='lat' dir='ltr'>cst,</span> <span class='ocrx_word' id='word_1_172' title='bbox 1246 2314 1282 2375; x_wconf 92' lang='lat' dir='ltr'>ab</span> 
     </span>
     <span class='ocr_line' id='line_1_19' title="bbox 117 2421 533 2502; baseline 0.01 -22"><span class='ocrx_word' id='word_1_173' title='bbox 117 2421 228 2481; x_wconf 79' lang='lat' dir='ltr'>itera</span> <span class='ocrx_word' id='word_1_174' title='bbox 251 2422 357 2483; x_wconf 92' lang='lat' dir='ltr'>arbore</span> <span class='ocrx_word' id='word_1_175' title='bbox 380 2423 533 2502; x_wconf 88' lang='lat' dir='ltr'>praecidit.</span> 
     </span>
     <span class='ocr_line' id='line_1_20' title="bbox 227 2522 1360 2612; baseline -0.001 -23"><span class='ocrx_word' id='word_1_176' title='bbox 227 2530 291 2600; x_wconf 86' lang='lat' dir='ltr'>Quo</span> <span class='ocrx_word' id='word_1_177' title='bbox 323 2537 456 2608; x_wconf 87' lang='lat' dir='ltr'>tempore</span> <span class='ocrx_word' id='word_1_178' title='bbox 490 2549 623 2609; x_wconf 89' lang='lat' dir='ltr'>quaeque</span> <span class='ocrx_word' id='word_1_179' title='bbox 658 2531 830 2612; x_wconf 86' lang='lat' dir='ltr'>transferas,</span> <span class='ocrx_word' id='word_1_180' title='bbox 863 2530 935 2590; x_wconf 90' lang='lat' dir='ltr'>haec</span> <span class='ocrx_word' id='word_1_181' title='bbox 963 2531 992 2590; x_wconf 94' lang='lat' dir='ltr'>in</span> <span class='ocrx_word' id='word_1_182' title='bbox 1019 2531 1121 2609; x_wconf 93' lang='lat' dir='ltr'>primis</span> <span class='ocrx_word' id='word_1_183' title='bbox 1145 2528 1278 2609; x_wconf 82' lang='lat' dir='ltr'>videnda,</span> <span class='ocrx_word' id='word_1_184' title='bbox 1296 2522 1360 2582; x_wconf 88' lang='lat' dir='ltr'>XLl</span> 
     </span>
    </p>

    <p class='ocr_par' dir='ltr' id='par_1_4' title="bbox 114 2635 1280 2718">
     <span class='ocr_line' id='line_1_21' title="bbox 114 2635 1280 2718; baseline 0.003 -26"><span class='ocrx_word' id='word_1_185' title='bbox 114 2635 244 2712; x_wconf 47' lang='lat' dir='ltr'>*luodl</span> <span class='ocrx_word' id='word_1_186' title='bbox 282 2656 356 2716; x_wconf 87' lang='lat' dir='ltr'>quae</span> <span class='ocrx_word' id='word_1_187' title='bbox 394 2639 477 2716; x_wconf 92' lang='lat' dir='ltr'>prius</span> <span class='ocrx_word' id='word_1_188' title='bbox 516 2656 604 2698; x_wconf 88' lang='lat' dir='ltr'>verno</span> <span class='ocrx_word' id='word_1_189' title='bbox 642 2645 775 2717; x_wconf 90' lang='lat' dir='ltr'>tempore</span> <span class='ocrx_word' id='word_1_190' title='bbox 812 2637 1034 2718; x_wconf 82' lang='lat' dir='ltr'>inserebantur,</span> <span class='ocrx_word' id='word_1_191' title='bbox 1077 2655 1155 2697; x_wconf 93' lang='lat' dir='ltr'>nunc</span> <span class='ocrx_word' id='word_1_192' title='bbox 1193 2638 1280 2696; x_wconf 88' lang='lat' dir='ltr'>etiam</span> 
     </span>
    </p>
   </div>
   <div class='ocr_carea' id='block_1_4' title="bbox 114 2895 1280 3408">
    <p class='ocr_par' dir='ltr' id='par_1_5' title="bbox 114 2895 1280 3408">
     <span class='ocr_line' id='line_1_22' title="bbox 211 2895 1280 2965; baseline 0.002 -17"><span class='ocrx_word' id='word_1_193' title='bbox 211 2902 225 2948; x_wconf 87' lang='grc'>3</span> <span class='ocrx_word' id='word_1_194' title='bbox 251 2899 381 2951; x_wconf 87' lang='lat' dir='ltr'>secuntur</span> <span class='ocrx_word' id='word_1_195' title='bbox 403 2896 464 2951; x_wconf 92' lang='lat' dir='ltr'><strong><em>AB</em></strong></span> <span class='ocrx_word' id='word_1_196' title='bbox 493 2897 645 2965; x_wconf 86' lang='lat' dir='ltr'>sequuntur</span> <span class='ocrx_word' id='word_1_197' title='bbox 677 2895 703 2948; x_wconf 88' lang='lat' dir='ltr'><strong><em>V</em></strong></span> <span class='ocrx_word' id='word_1_198' title='bbox 784 2896 946 2962; x_wconf 87' lang='lat' dir='ltr'>haruspices</span> <span class='ocrx_word' id='word_1_199' title='bbox 977 2896 1034 2949; x_wconf 90' lang='lat' dir='ltr'><strong><em>PA</em></strong></span> <span class='ocrx_word' id='word_1_200' title='bbox 1063 2896 1204 2963; x_wconf 85' lang='lat' dir='ltr'>aruspices</span> <span class='ocrx_word' id='word_1_201' title='bbox 1231 2898 1280 2950; x_wconf 87' lang='lat' dir='ltr'>Bo</span> 
     </span>
     <span class='ocr_line' id='line_1_23' title="bbox 210 2981 1280 3053; baseline 0.002 -18"><span class='ocrx_word' id='word_1_202' title='bbox 210 2988 225 3035; x_wconf 83' lang='lat'>4</span> <span class='ocrx_word' id='word_1_203' title='bbox 242 2987 311 3052; x_wconf 91' lang='lat' dir='ltr'>quot</span> <span class='ocrx_word' id='word_1_204' title='bbox 324 3002 427 3053; x_wconf 87' lang='lat' dir='ltr'>genera</span> <span class='ocrx_word' id='word_1_205' title='bbox 441 3002 456 3038; x_wconf 88' lang='lat' dir='ltr'>o</span> <span class='ocrx_word' id='word_1_206' title='bbox 472 2985 544 3053; x_wconf 89' lang='lat' dir='ltr'>quod</span> <span class='ocrx_word' id='word_1_207' title='bbox 560 3001 663 3052; x_wconf 82' lang='lat' dir='ltr'>genera</span> <span class='ocrx_word' id='word_1_208' title='bbox 680 2982 772 3038; x_wconf 91' lang='lat' dir='ltr'><strong><em>PAB</em></strong></span> <span class='ocrx_word' id='word_1_209' title='bbox 829 2982 915 3035; x_wconf 85' lang='lat' dir='ltr'>insita</span> <span class='ocrx_word' id='word_1_210' title='bbox 929 2983 986 3036; x_wconf 87' lang='lat' dir='ltr'>sint</span> <span class='ocrx_word' id='word_1_211' title='bbox 999 2983 1026 3036; x_wconf 88' lang='lat' dir='ltr'><strong><em>A</em></strong></span> <span class='ocrx_word' id='word_1_212' title='bbox 1037 2983 1064 3035; x_wconf 89' lang='lat' dir='ltr'><em>V</em></span> <span class='ocrx_word' id='word_1_213' title='bbox 1074 2981 1160 3036; x_wconf 85' lang='lat' dir='ltr'>insita</span> <span class='ocrx_word' id='word_1_214' title='bbox 1174 2985 1240 3036; x_wconf 89' lang='lat' dir='ltr'>sunt</span> <span class='ocrx_word' id='word_1_215' title='bbox 1252 2986 1280 3037; x_wconf 99' lang='grc' dir='ltr'><strong><em>Β</em></strong></span> 
     </span>
     <span class='ocr_line' id='line_1_24' title="bbox 211 3071 1279 3141; baseline 0.001 -16"><span class='ocrx_word' id='word_1_216' title='bbox 211 3074 303 3128; x_wconf 77' lang='lat' dir='ltr'>tillut</span> <span class='ocrx_word' id='word_1_217' title='bbox 315 3072 420 3128; x_wconf 90' lang='lat' dir='ltr'>Pillud</span> <span class='ocrx_word' id='word_1_218' title='bbox 430 3074 511 3130; x_wconf 89' lang='lat' dir='ltr'>ABo</span> <span class='ocrx_word' id='word_1_219' title='bbox 566 3071 689 3141; x_wconf 82' lang='lat' dir='ltr'>concipit</span> <span class='ocrx_word' id='word_1_220' title='bbox 699 3089 767 3127; x_wconf 82' lang='lat' dir='ltr'>corr.</span> <span class='ocrx_word' id='word_1_221' title='bbox 778 3072 942 3141; x_wconf 87' lang='lat' dir='ltr'>concepitB</span> <span class='ocrx_word' id='word_1_222' title='bbox 998 3079 1013 3126; x_wconf 86' lang='grc'><strong>6</strong></span> <span class='ocrx_word' id='word_1_223' title='bbox 1028 3071 1176 3125; x_wconf 85' lang='lat' dir='ltr'>inserueris</span> <span class='ocrx_word' id='word_1_224' title='bbox 1188 3071 1279 3126; x_wconf 89' lang='lat' dir='ltr'><strong><em>PAB</em></strong></span> 
     </span>
     <span class='ocr_line' id='line_1_25' title="bbox 114 3159 1279 3233; baseline 0.003 -21"><span class='ocrx_word' id='word_1_225' title='bbox 114 3163 302 3217; x_wconf 63' lang='lat' dir='ltr'>»Seueriso</span> <span class='ocrx_word' id='word_1_226' title='bbox 374 3162 446 3233; x_wconf 86' lang='lat' dir='ltr'>fore]</span> <span class='ocrx_word' id='word_1_227' title='bbox 469 3161 542 3216; x_wconf 88' lang='lat' dir='ltr'>foret</span> <span class='ocrx_word' id='word_1_228' title='bbox 559 3161 587 3215; x_wconf 92' lang='lat' dir='ltr'><em>B</em></span> <span class='ocrx_word' id='word_1_229' title='bbox 660 3166 675 3213; x_wconf 78' lang='lat' dir='ltr'>&#39;t</span> <span class='ocrx_word' id='word_1_230' title='bbox 703 3161 887 3214; x_wconf 86' lang='lat' dir='ltr'>iucundamu</span> <span class='ocrx_word' id='word_1_231' title='bbox 910 3159 1061 3213; x_wconf 86' lang='lat' dir='ltr'>iucundum</span> <span class='ocrx_word' id='word_1_232' title='bbox 1082 3160 1141 3215; x_wconf 93' lang='grc' dir='ltr'>ΡΒ</span> <span class='ocrx_word' id='word_1_233' title='bbox 1164 3159 1279 3216; x_wconf 86' lang='lat' dir='ltr'>iudcun·</span> 
     </span>
     <span class='ocr_line' id='line_1_26' title="bbox 114 3240 1279 3316; baseline 0.005 -15"><span class='ocrx_word' id='word_1_234' title='bbox 114 3254 205 3301; x_wconf 67' lang='lat' dir='ltr'>uu]</span> <span class='ocrx_word' id='word_1_235' title='bbox 222 3251 248 3303; x_wconf 98' lang='lat' dir='ltr'><strong><em>A</em></strong></span> <span class='ocrx_word' id='word_1_236' title='bbox 268 3252 418 3305; x_wconf 86' lang='lat' dir='ltr'>iocundum</span> <span class='ocrx_word' id='word_1_237' title='bbox 436 3251 507 3304; x_wconf 78' lang='lat' dir='ltr'>A²m</span> <span class='ocrx_word' id='word_1_238' title='bbox 580 3265 664 3316; x_wconf 86' lang='lat' dir='ltr'>quam</span> <span class='ocrx_word' id='word_1_239' title='bbox 688 3249 712 3300; x_wconf 92' lang='lat' dir='ltr'>si</span> <span class='ocrx_word' id='word_1_240' title='bbox 734 3246 764 3300; x_wconf 88' lang='lat' dir='ltr'>in</span> <span class='ocrx_word' id='word_1_241' title='bbox 783 3240 956 3301; x_wconf 67' lang='lat' dir='ltr'>eam&#39;Atuo</span> <span class='ocrx_word' id='word_1_242' title='bbox 975 3264 1060 3315; x_wconf 87' lang='lat' dir='ltr'>quam</span> <span class='ocrx_word' id='word_1_243' title='bbox 1079 3249 1103 3302; x_wconf 85' lang='lat' dir='ltr'>si</span> <span class='ocrx_word' id='word_1_244' title='bbox 1121 3249 1150 3302; x_wconf 94' lang='lat' dir='ltr'>in</span> <span class='ocrx_word' id='word_1_245' title='bbox 1169 3266 1203 3304; x_wconf 87' lang='lat' dir='ltr'>ea</span> <span class='ocrx_word' id='word_1_246' title='bbox 1220 3252 1279 3307; x_wconf 91' lang='lat' dir='ltr'>PB</span> 
     </span>
     <span class='ocr_line' id='line_1_27' title="bbox 114 3327 1280 3408; baseline 0.002 -15"><span class='ocrx_word' id='word_1_247' title='bbox 114 3327 119 3372; x_wconf 68' lang='lat'>⁵</span> <span class='ocrx_word' id='word_1_248' title='bbox 170 3341 362 3408; x_wconf 76' lang='lat' dir='ltr'>supuscrtpto</span> <span class='ocrx_word' id='word_1_249' title='bbox 385 3339 413 3392; x_wconf 90' lang='lat' dir='ltr'>in</span> <span class='ocrx_word' id='word_1_250' title='bbox 432 3339 460 3393; x_wconf 87' lang='lat' dir='ltr'><strong><em>A</em></strong></span> <span class='ocrx_word' id='word_1_251' title='bbox 537 3353 740 3405; x_wconf 85' lang='lat' dir='ltr'>quamcumque</span> <span class='ocrx_word' id='word_1_252' title='bbox 758 3337 786 3393; x_wconf 80' lang='lat' dir='ltr'><strong><em>A</em></strong></span> <span class='ocrx_word' id='word_1_253' title='bbox 809 3353 991 3405; x_wconf 85' lang='lat' dir='ltr'>quancunque</span> <span class='ocrx_word' id='word_1_254' title='bbox 1015 3337 1070 3391; x_wconf 91' lang='lat' dir='ltr'>VB</span> <span class='ocrx_word' id='word_1_255' title='bbox 1143 3343 1159 3391; x_wconf 88' lang='lat'>8</span> <span class='ocrx_word' id='word_1_256' title='bbox 1188 3341 1220 3393; x_wconf 92' lang='lat' dir='ltr'>ut</span> <span class='ocrx_word' id='word_1_257' title='bbox 1242 3342 1280 3395; x_wconf 87' lang='lat' dir='ltr'>sit</span> 
     </span>
    </p>
   </div>
   <div class='ocr_carea' id='block_1_5' title="bbox 114 3441 1279 4525">
    <p class='ocr_par' dir='ltr' id='par_1_6' title="bbox 114 3441 1279 4525">
     <span class='ocr_line' id='line_1_28' title="bbox 114 3441 1279 3532; baseline 0.001 -15"><span class='ocrx_word' id='word_1_258' title='bbox 114 3448 252 3532; x_wconf 57' lang='lat' dir='ltr'>litaque</span> <span class='ocrx_word' id='word_1_259' title='bbox 277 3463 333 3518; x_wconf 91' lang='lat' dir='ltr'>VB</span> <span class='ocrx_word' id='word_1_260' title='bbox 357 3465 389 3517; x_wconf 92' lang='lat' dir='ltr'>ut</span> <span class='ocrx_word' id='word_1_261' title='bbox 413 3463 436 3516; x_wconf 86' lang='lat' dir='ltr'>si</span> <span class='ocrx_word' id='word_1_262' title='bbox 455 3465 572 3530; x_wconf 87' lang='lat' dir='ltr'>utraque</span> <span class='ocrx_word' id='word_1_263' title='bbox 592 3462 620 3516; x_wconf 92' lang='lat' dir='ltr'><strong><em>A</em></strong></span> <span class='ocrx_word' id='word_1_264' title='bbox 692 3467 707 3515; x_wconf 87' lang='grc'>9</span> <span class='ocrx_word' id='word_1_265' title='bbox 731 3461 822 3515; x_wconf 86' lang='lat' dir='ltr'>malus</span> <span class='ocrx_word' id='word_1_266' title='bbox 845 3459 872 3513; x_wconf 91' lang='lat' dir='ltr'><strong><em>V</em></strong></span> <span class='ocrx_word' id='word_1_267' title='bbox 887 3460 976 3514; x_wconf 82' lang='lat' dir='ltr'>maius</span> <span class='ocrx_word' id='word_1_268' title='bbox 995 3461 1056 3517; x_wconf 92' lang='lat' dir='ltr'><strong><em>AB</em></strong></span> <span class='ocrx_word' id='word_1_269' title='bbox 1127 3441 1232 3518; x_wconf 59' lang='lat' dir='ltr'>inseris</span> <span class='ocrx_word' id='word_1_270' title='bbox 1251 3465 1279 3519; x_wconf 92' lang='lat' dir='ltr'><strong><em>A</em></strong></span> 
     </span>
     <span class='ocr_line' id='line_1_29' title="bbox 209 3549 1278 3621; baseline 0.004 -17"><span class='ocrx_word' id='word_1_271' title='bbox 209 3557 240 3605; x_wconf 82' lang='lat'>14</span> <span class='ocrx_word' id='word_1_272' title='bbox 258 3569 292 3606; x_wconf 88' lang='lat' dir='ltr'>ac</span> <span class='ocrx_word' id='word_1_273' title='bbox 311 3551 417 3606; x_wconf 86' lang='lat' dir='ltr'>diffisso</span> <span class='ocrx_word' id='word_1_274' title='bbox 436 3552 463 3605; x_wconf 89' lang='lat' dir='ltr'><strong><em>A</em></strong></span> <span class='ocrx_word' id='word_1_275' title='bbox 483 3552 512 3605; x_wconf 89' lang='lat' dir='ltr'>et</span> <span class='ocrx_word' id='word_1_276' title='bbox 529 3550 636 3605; x_wconf 85' lang='lat' dir='ltr'>diffisso</span> <span class='ocrx_word' id='word_1_277' title='bbox 658 3551 685 3604; x_wconf 95' lang='lat' dir='ltr'><em>P</em></span> <span class='ocrx_word' id='word_1_278' title='bbox 702 3553 731 3604; x_wconf 92' lang='lat' dir='ltr'>et</span> <span class='ocrx_word' id='word_1_279' title='bbox 749 3550 849 3603; x_wconf 87' lang='lat' dir='ltr'>dofisso</span> <span class='ocrx_word' id='word_1_280' title='bbox 867 3567 884 3605; x_wconf 89' lang='lat' dir='ltr'>o</span> <span class='ocrx_word' id='word_1_281' title='bbox 956 3549 1075 3621; x_wconf 84' lang='lat' dir='ltr'>inplicat</span> <span class='ocrx_word' id='word_1_282' title='bbox 1089 3593 1095 3606; x_wconf 93' lang='lat'><strong><em>.</em></strong></span> <span class='ocrx_word' id='word_1_283' title='bbox 1109 3569 1168 3608; x_wconf 88' lang='lat' dir='ltr'>uuo</span> <span class='ocrx_word' id='word_1_284' title='bbox 1187 3554 1278 3608; x_wconf 81' lang='lat' dir='ltr'>littera</span> 
     </span>
     <span class='ocr_line' id='line_1_30' title="bbox 118 3639 1277 3711; baseline 0.003 -19"><span class='ocrx_word' id='word_1_285' title='bbox 118 3639 197 3692; x_wconf 76' lang='lat' dir='ltr'>P08t</span> <span class='ocrx_word' id='word_1_286' title='bbox 217 3643 228 3695; x_wconf 88' lang='lat' dir='ltr'>t</span> <span class='ocrx_word' id='word_1_287' title='bbox 246 3658 324 3696; x_wconf 84' lang='lat' dir='ltr'>eroso</span> <span class='ocrx_word' id='word_1_288' title='bbox 343 3642 371 3696; x_wconf 89' lang='lat' dir='ltr'><strong><em>A</em></strong></span> <span class='ocrx_word' id='word_1_289' title='bbox 393 3641 521 3710; x_wconf 87' lang='lat' dir='ltr'>implicat</span> <span class='ocrx_word' id='word_1_290' title='bbox 543 3642 598 3695; x_wconf 89' lang='lat' dir='ltr'>VB</span> <span class='ocrx_word' id='word_1_291' title='bbox 671 3639 808 3709; x_wconf 83' lang='lat' dir='ltr'>contingit</span> <span class='ocrx_word' id='word_1_292' title='bbox 828 3639 888 3695; x_wconf 88' lang='lat' dir='ltr'>PB</span> <span class='ocrx_word' id='word_1_293' title='bbox 912 3640 1030 3710; x_wconf 86' lang='lat' dir='ltr'>contigit</span> <span class='ocrx_word' id='word_1_294' title='bbox 1048 3640 1076 3696; x_wconf 92' lang='lat' dir='ltr'><strong><em>A</em></strong></span> <span class='ocrx_word' id='word_1_295' title='bbox 1095 3640 1277 3711; x_wconf 84' lang='lat' dir='ltr'>contigeritu</span> 
     </span>
     <span class='ocr_line' id='line_1_31' title="bbox 205 3728 1278 3799; baseline 0.003 -15"><span class='ocrx_word' id='word_1_296' title='bbox 205 3736 238 3793; x_wconf 73' lang='lat' dir='ltr'>,to</span> <span class='ocrx_word' id='word_1_297' title='bbox 263 3730 338 3799; x_wconf 91' lang='lat' dir='ltr'>quod</span> <span class='ocrx_word' id='word_1_298' title='bbox 360 3729 434 3785; x_wconf 86' lang='lat' dir='ltr'>intro</span> <span class='ocrx_word' id='word_1_299' title='bbox 458 3733 501 3784; x_wconf 87' lang='lat' dir='ltr'>est</span> <span class='ocrx_word' id='word_1_300' title='bbox 520 3730 578 3785; x_wconf 89' lang='lat' dir='ltr'>-VB</span> <span class='ocrx_word' id='word_1_301' title='bbox 602 3748 656 3798; x_wconf 91' lang='lat' dir='ltr'>quo</span> <span class='ocrx_word' id='word_1_302' title='bbox 679 3729 753 3783; x_wconf 92' lang='lat' dir='ltr'>intro</span> <span class='ocrx_word' id='word_1_303' title='bbox 777 3730 820 3784; x_wconf 85' lang='lat' dir='ltr'>est</span> <span class='ocrx_word' id='word_1_304' title='bbox 837 3728 865 3783; x_wconf 91' lang='lat' dir='ltr'><strong><em>A</em></strong></span> <span class='ocrx_word' id='word_1_305' title='bbox 888 3747 943 3798; x_wconf 90' lang='lat' dir='ltr'>quo</span> <span class='ocrx_word' id='word_1_306' title='bbox 966 3731 1041 3786; x_wconf 85' lang='lat' dir='ltr'>intra</span> <span class='ocrx_word' id='word_1_307' title='bbox 1064 3733 1107 3786; x_wconf 86' lang='lat' dir='ltr'>ast</span> <span class='ocrx_word' id='word_1_308' title='bbox 1125 3749 1151 3786; x_wconf 88' lang='lat' dir='ltr'>m</span> <span class='ocrx_word' id='word_1_309' title='bbox 1222 3750 1278 3787; x_wconf 87' lang='lat' dir='ltr'>una</span> 
     </span>
     <span class='ocr_line' id='line_1_32' title="bbox 134 3817 1276 3889; baseline 0.001 -14"><span class='ocrx_word' id='word_1_310' title='bbox 134 3819 215 3875; x_wconf 67' lang='lat' dir='ltr'>barte</span> <span class='ocrx_word' id='word_1_311' title='bbox 232 3821 293 3876; x_wconf 92' lang='lat' dir='ltr'><strong><em>AB</em></strong></span> <span class='ocrx_word' id='word_1_312' title='bbox 317 3837 372 3874; x_wconf 87' lang='lat' dir='ltr'>una</span> <span class='ocrx_word' id='word_1_313' title='bbox 395 3820 470 3889; x_wconf 88' lang='lat' dir='ltr'>parti</span> <span class='ocrx_word' id='word_1_314' title='bbox 490 3819 592 3874; x_wconf 86' lang='lat' dir='ltr'>Pima</span> <span class='ocrx_word' id='word_1_315' title='bbox 610 3822 723 3889; x_wconf 83' lang='lat' dir='ltr'>purten</span> <span class='ocrx_word' id='word_1_316' title='bbox 816 3825 848 3872; x_wconf 86' lang='grc'>16</span> <span class='ocrx_word' id='word_1_317' title='bbox 872 3817 1003 3874; x_wconf 87' lang='lat' dir='ltr'>corticem</span> <span class='ocrx_word' id='word_1_318' title='bbox 1023 3837 1085 3875; x_wconf 86' lang='lat' dir='ltr'>oum</span> <span class='ocrx_word' id='word_1_319' title='bbox 1105 3823 1209 3876; x_wconf 87' lang='lat' dir='ltr'>cortice</span> <span class='ocrx_word' id='word_1_320' title='bbox 1233 3838 1276 3876; x_wconf 83' lang='lat' dir='ltr'>ex·</span> 
     </span>
     <span class='ocr_line' id='line_1_33' title="bbox 143 3907 1276 3978; baseline 0.004 -17"><span class='ocrx_word' id='word_1_321' title='bbox 143 3912 284 3974; x_wconf 65' lang='lat' dir='ltr'>aequuum</span> <span class='ocrx_word' id='word_1_322' title='bbox 307 3928 333 3963; x_wconf 85' lang='lat' dir='ltr'>m</span> <span class='ocrx_word' id='word_1_323' title='bbox 356 3908 501 3962; x_wconf 79' lang='lat' dir='ltr'>Iucundos</span> <span class='ocrx_word' id='word_1_324' title='bbox 529 3909 660 3963; x_wconf 86' lang='lat' dir='ltr'>corticem</span> <span class='ocrx_word' id='word_1_325' title='bbox 688 3926 750 3962; x_wconf 89' lang='lat' dir='ltr'>cum</span> <span class='ocrx_word' id='word_1_326' title='bbox 780 3907 889 3963; x_wconf 81' lang='lat' dir='ltr'>cordiae</span> <span class='ocrx_word' id='word_1_327' title='bbox 913 3911 1102 3978; x_wconf 81' lang='lat' dir='ltr'>exequantum</span> <span class='ocrx_word' id='word_1_328' title='bbox 1121 3912 1148 3964; x_wconf 89' lang='lat' dir='ltr'><strong><em>A</em></strong></span> <span class='ocrx_word' id='word_1_329' title='bbox 1172 3909 1276 3965; x_wconf 88' lang='lat' dir='ltr'>cortice</span> 
     </span>
     <span class='ocr_line' id='line_1_34' title="bbox 148 3997 1276 4066; baseline 0.004 -16"><span class='ocrx_word' id='word_1_330' title='bbox 148 4004 200 4050; x_wconf 72' lang='lat' dir='ltr'>tum</span> <span class='ocrx_word' id='word_1_331' title='bbox 217 3998 324 4053; x_wconf 80' lang='lat' dir='ltr'>cordine</span> <span class='ocrx_word' id='word_1_332' title='bbox 345 4000 530 4065; x_wconf 84' lang='lat' dir='ltr'>exaequatum</span> <span class='ocrx_word' id='word_1_333' title='bbox 547 3998 575 4051; x_wconf 94' lang='grc' dir='ltr'><strong><em>Β</em></strong></span> <span class='ocrx_word' id='word_1_334' title='bbox 595 3997 726 4052; x_wconf 88' lang='lat' dir='ltr'>corticem</span> <span class='ocrx_word' id='word_1_335' title='bbox 745 4014 808 4050; x_wconf 91' lang='lat' dir='ltr'>eum</span> <span class='ocrx_word' id='word_1_336' title='bbox 827 3997 921 4052; x_wconf 88' lang='lat' dir='ltr'>codice</span> <span class='ocrx_word' id='word_1_337' title='bbox 941 4001 1125 4066; x_wconf 86' lang='lat' dir='ltr'>exaequatum</span> <span class='ocrx_word' id='word_1_338' title='bbox 1147 4000 1173 4051; x_wconf 90' lang='lat' dir='ltr'><em>V</em></span> <span class='ocrx_word' id='word_1_339' title='bbox 1243 4006 1276 4054; x_wconf 82' lang='lat'>17</span> 
     </span>
     <span class='ocr_line' id='line_1_35' title="bbox 149 4079 1275 4142; baseline 0.003 -7"><span class='ocrx_word' id='word_1_340' title='bbox 149 4079 268 4142; x_wconf 86' lang='lat' dir='ltr'>insereret</span> <span class='ocrx_word' id='word_1_341' title='bbox 291 4103 359 4141; x_wconf 84' lang='lat' dir='ltr'>corr.</span> <span class='ocrx_word' id='word_1_342' title='bbox 383 4086 485 4139; x_wconf 88' lang='lat' dir='ltr'>inseret</span> <span class='ocrx_word' id='word_1_343' title='bbox 509 4087 534 4138; x_wconf 89' lang='lat' dir='ltr'><strong><em>A</em></strong></span> <span class='ocrx_word' id='word_1_344' title='bbox 612 4085 752 4140; x_wconf 88' lang='lat' dir='ltr'>derectum</span> <span class='ocrx_word' id='word_1_345' title='bbox 779 4085 869 4140; x_wconf 89' lang='lat' dir='ltr'><strong><em>PAB</em></strong></span> <span class='ocrx_word' id='word_1_346' title='bbox 892 4086 1034 4139; x_wconf 87' lang='lat' dir='ltr'>detectum</span> <span class='ocrx_word' id='word_1_347' title='bbox 1057 4103 1072 4139; x_wconf 88' lang='lat' dir='ltr'>o</span> <span class='ocrx_word' id='word_1_348' title='bbox 1147 4092 1180 4140; x_wconf 89' lang='lat'>18</span> <span class='ocrx_word' id='word_1_349' title='bbox 1213 4104 1275 4140; x_wconf 88' lang='lat' dir='ltr'>cum</span> 
     </span>
     <span class='ocr_line' id='line_1_36' title="bbox 151 4174 1274 4246; baseline 0.001 -17"><span class='ocrx_word' id='word_1_350' title='bbox 151 4176 309 4246; x_wconf 84' lang='lat' dir='ltr'>conprendit</span> <span class='ocrx_word' id='word_1_351' title='bbox 331 4177 389 4230; x_wconf 90' lang='lat' dir='ltr'>PB</span> <span class='ocrx_word' id='word_1_352' title='bbox 408 4192 460 4229; x_wconf 90' lang='lat' dir='ltr'>con</span> <span class='ocrx_word' id='word_1_353' title='bbox 483 4175 648 4244; x_wconf 84' lang='lat' dir='ltr'>conprendit</span> <span class='ocrx_word' id='word_1_354' title='bbox 666 4176 693 4229; x_wconf 98' lang='lat' dir='ltr'><strong><em>A</em></strong></span> <span class='ocrx_word' id='word_1_355' title='bbox 712 4192 774 4228; x_wconf 90' lang='lat' dir='ltr'>eum</span> <span class='ocrx_word' id='word_1_356' title='bbox 795 4174 1039 4243; x_wconf 86' lang='lat' dir='ltr'>comprehendito</span> <span class='ocrx_word' id='word_1_357' title='bbox 1114 4181 1146 4228; x_wconf 83' lang='lat'>19</span> <span class='ocrx_word' id='word_1_358' title='bbox 1169 4176 1274 4244; x_wconf 87' lang='lat' dir='ltr'>praeci-</span> 
     </span>
     <span class='ocr_line' id='line_1_37' title="bbox 148 4265 443 4335; baseline -0.007 -14"><span class='ocrx_word' id='word_1_359' title='bbox 148 4265 180 4323; x_wconf 91' lang='lat' dir='ltr'>dit</span> <span class='ocrx_word' id='word_1_360' title='bbox 202 4268 256 4323; x_wconf 89' lang='lat' dir='ltr'>VB</span> <span class='ocrx_word' id='word_1_361' title='bbox 275 4265 398 4335; x_wconf 88' lang='lat' dir='ltr'>procidit</span> <span class='ocrx_word' id='word_1_362' title='bbox 415 4265 443 4319; x_wconf 93' lang='lat' dir='ltr'><strong><em>A</em></strong></span> 
     </span>
     <span class='ocr_line' id='line_1_38' title="bbox 204 4353 1273 4426; baseline -0.001 -16"><span class='ocrx_word' id='word_1_363' title='bbox 204 4362 238 4410; x_wconf 77' lang='lat'>20</span> <span class='ocrx_word' id='word_1_364' title='bbox 261 4371 389 4423; x_wconf 88' lang='lat' dir='ltr'>quaeque</span> <span class='ocrx_word' id='word_1_365' title='bbox 412 4353 562 4408; x_wconf 85' lang='lat' dir='ltr'>transferas</span> <span class='ocrx_word' id='word_1_366' title='bbox 580 4371 628 4409; x_wconf 85' lang='lat' dir='ltr'>mo</span> <span class='ocrx_word' id='word_1_367' title='bbox 647 4371 757 4424; x_wconf 83' lang='lat' dir='ltr'>quaque</span> <span class='ocrx_word' id='word_1_368' title='bbox 776 4353 935 4409; x_wconf 85' lang='lat' dir='ltr'>transferas·</span> <span class='ocrx_word' id='word_1_369' title='bbox 949 4354 1040 4409; x_wconf 91' lang='lat' dir='ltr'><strong><em>PAB</em></strong></span> <span class='ocrx_word' id='word_1_370' title='bbox 1130 4360 1163 4408; x_wconf 81' lang='lat'>21</span> <span class='ocrx_word' id='word_1_371' title='bbox 1188 4355 1273 4426; x_wconf 87' lang='lat' dir='ltr'>qnod·</span> 
     </span>
     <span class='ocr_line' id='line_1_39' title="bbox 140 4443 960 4525; baseline -0.004 -23"><span class='ocrx_word' id='word_1_372' title='bbox 140 4464 185 4525; x_wconf 82' lang='lat' dir='ltr'>qne</span> <span class='ocrx_word' id='word_1_373' title='bbox 207 4444 263 4499; x_wconf 90' lang='lat' dir='ltr'><strong><em>VA</em></strong></span> <span class='ocrx_word' id='word_1_374' title='bbox 283 4443 388 4513; x_wconf 78' lang='lat' dir='ltr'>quodq3</span> <span class='ocrx_word' id='word_1_375' title='bbox 409 4444 436 4497; x_wconf 94' lang='lat' dir='ltr'><strong><em>B</em></strong></span> <span class='ocrx_word' id='word_1_376' title='bbox 455 4459 565 4524; x_wconf 82' lang='lat' dir='ltr'>quoque</span> <span class='ocrx_word' id='word_1_377' title='bbox 583 4461 609 4498; x_wconf 83' lang='lat' dir='ltr'>ot</span> <span class='ocrx_word' id='word_1_378' title='bbox 628 4446 702 4513; x_wconf 89' lang='lat' dir='ltr'>quod</span> <span class='ocrx_word' id='word_1_379' title='bbox 721 4459 793 4514; x_wconf 86' lang='lat' dir='ltr'>quac</span> <span class='ocrx_word' id='word_1_380' title='bbox 813 4444 960 4499; x_wconf 76' lang='lat' dir='ltr'>Iucundos</span> 
     </span>
    </p>
   </div>
   <div class='ocr_carea' id='block_1_6' title="bbox 0 0 1504 5026">
    <p class='ocr_par' dir='ltr' id='par_1_7' title="bbox 0 0 1504 5026">
     <span class='ocr_line' id='line_1_40' title="bbox 0 0 1504 5026; baseline 0 3"><span class='ocrx_word' id='word_1_381' title='bbox 0 0 1504 5026; x_wconf 95' lang='lat' dir='ltr'> </span> 
     </span>
    </p>
   </div>
  </div>
 </body>
</html>
