3000 5026
184 318 251 382 294
676 314 864 370 vauuours

138 488 310 549 ltlminum.
357 492 485 545 veneunt
508 491 631 563 propter
653 485 807 562 penuriam
831 501 946 561 magno.
991 483 1028 543 de
1051 482 1149 543 tribus
1171 483 1333 563 generibus

186 593 309 672 gallinae
343 593 515 671 saginantur
548 592 674 649 maxime
707 588 861 649 villaticae.
907 608 957 649 eas
989 588 1147 650 includunt
1174 592 1205 652 in
1234 589 1334 650 locum

185 700 319 778 tepidum
343 706 372 759 et
396 705 554 775 angustum
579 705 609 757 et
632 697 862 776 tenebricosum,
886 697 965 776 quod
989 704 1089 757 motus
1110 715 1213 758 earum
1232 705 1264 758 et
1283 696 1333 757 lux

185 806 402 886 pinguitudinis
425 804 568 877 vindicta,
597 803 632 863 ad
656 803 731 863 hane
756 823 819 864 rem
844 803 947 864 electis
969 805 1105 863 maximis
1128 801 1255 884 gallinis,
1278 822 1334 865 nee

186 915 326 973 continuo
348 912 404 992 his,
428 929 502 991 quas
521 909 641 970 melicas
661 910 809 989 appellant
828 911 910 993 falso,
930 911 1009 990 quod
1028 912 1143 989 antiqui
1162 918 1195 971 ut
1214 910 1334 971 Thetim
1361 929 1373 968 a

186 1018 301 1079 Thelim
336 1017 486 1099 dicebant,
525 1020 567 1078 sie
600 1017 744 1077 Medicam
777 1017 911 1078 Melicum
944 1017 1095 1077 vo'oabant.
1148 1018 1202 1078 hae
1236 1021 1334 1097 primo

186 1125 375 1205 dicebantur,
405 1145 479 1205 quae
510 1144 545 1184 ex
569 1124 681 1184 llediea
709 1131 833 1203 propter
856 1123 1089 1202 magnitudinem
1112 1133 1198 1186 erant
1220 1125 1335 1186 adlatae

139 1239 180 1296 20
191 1252 324 1312 quaeque
354 1252 389 1293 ex
418 1236 454 1293 iis
483 1239 652 1311 generatae,
686 1238 789 1310 postea
816 1242 939 1311 propter
967 1230 1191 1292 similitudinem
1218 1232 1335 1311 amplae

186 1360 298 1402 omnes,
330 1359 365 1400 ex
389 1342 426 1401 iis
450 1339 560 1399 evulsis
584 1358 618 1399 ex
644 1338 698 1397 alis
722 1341 820 1418 pinnis
845 1347 874 1399 et
898 1357 913 1398 e
933 1339 1025 1399 oauda
1046 1339 1174 1399 farciunt
1194 1340 1334 1401 turundis

187 1447 372 1527 hordeaceis,
403 1448 510 1526 partim
535 1446 672 1505 admixtis
697 1465 712 1505 e
737 1446 830 1505 farina
854 1444 985 1506 lolleaoia
1009 1453 1060 1506 aut
1084 1447 1195 1506 semina
1220 1445 1275 1506 lini
1298 1466 1335 1506 ex
1350 1463 1374 1501 11

186 1574 261 1633 aqua
285 1554 373 1614 dtrloi.
412 1553 457 1613 bis
482 1553 529 1612 die
555 1551 654 1612 eibum
674 1551 753 1632 dant,
778 1552 969 1612 observantes
989 1572 1023 1612 ex
1044 1552 1220 1631 quibusdam
1241 1556 1336 1633 signis

186 1668 220 1720 ut
253 1663 335 1739 prior
364 1662 402 1721 sit
426 1667 599 1739 conmotus,
629 1678 716 1737 quam
741 1659 904 1719 seeundum
928 1659 1007 1720 dent.
1054 1660 1121 1720 dato
1145 1660 1222 1742 cibo,
1246 1680 1337 1740 quom

186 1775 407 1846 perpurgaruut
431 1775 528 1847 eaput,
552 1785 666 1846 nequos
690 1765 797 1827 habeat
820 1766 920 1847 pedes,
944 1785 1050 1826 rursus
1072 1786 1122 1828 eas
1141 1767 1335 1829 concludunt.

186 1874 242 1934 hoo
275 1874 387 1934 iaciunt
419 1893 514 1952 usque
548 1873 583 1933 ad
617 1874 680 1933 dies
713 1889 798 1934 xxv:
832 1881 904 1934 tuno
938 1873 1065 1952 denique
1094 1876 1221 1954 pingues
1251 1876 1335 1936 fiunt.

139 1981 310 2059 21quidam
348 1992 378 2041 et
415 1983 532 2041 triticeo
564 1999 639 2060 pane
672 1983 774 2041 intrito
808 1983 838 2040 in
871 1999 989 2062 aquam,
1030 1983 1122 2041 mixto
1154 1984 1223 2042 vino
1257 1982 1374 2043 bon01

186 2097 216 2148 et
252 2087 387 2168 odorato,
425 2087 566 2167 farciunt,
603 2090 643 2148 ita
679 2096 713 2149 ut
750 2087 855 2148 diebus
893 2103 941 2148 xx
978 2089 1104 2166 pingues
1136 2087 1265 2149 reddant
1302 2108 1336 2150 ao

186 2203 312 2256 teneras.
373 2197 398 2254 si
439 2197 469 2254 in
507 2194 656 2255 farciendo
694 2196 785 2256 nimio
809 2194 874 2255 oibo
913 2194 1079 2275 fastidiunt,
1121 2196 1336 2257 remittendum

186 2303 216 2360 in
250 2302 367 2362 datione
396 2320 450 2380 pro
478 2304 628 2383 portione,
661 2321 694 2361 ao
723 2302 824 2361 deoem
853 2303 957 2380 primis
985 2305 1144 2382 prooessit,
1178 2305 1208 2362 in
1238 2312 1336 2381 poste·

186 2407 316 2468 rioribus
358 2417 392 2468 ut
433 2409 583 2469 deminuat
625 2409 727 2468 eadem
769 2411 896 2488 ratione,
938 2416 971 2469 ut
1007 2411 1166 2470 vicesimus
1203 2410 1269 2471 dies
1307 2419 1336 2471 et

186 2515 301 2596 primus
330 2516 389 2573 sint
417 2533 512 2592 pares
559 2515 663 2575 eodem
692 2516 779 2575 modo
807 2514 961 2593 palumbos
990 2516 1118 2577 lanciunt
1146 2536 1181 2577 ae
1205 2517 1336 2579 reddunt
1349 2528 1370 2566 2⁰

186 2639 321 2699 pingues.

257 2924 273 2970 3
298 2916 503 2972 tenebricosum
528 2917 584 2970 VB
605 2919 783 2973 tenebrosum
807 2918 873 2973 Ant.
913 2903 965 2972 ‘Et'
978 2924 1140 2990 angustum,
1165 2925 1194 2977 et
1212 2923 1335 2978 tenebri-

185 3024 289 3063 cosum.
327 3006 375 3061 Sie
392 3023 481 3061 onnes
495 3008 691 3076 manuscripti
705 3008 814 3062 codices.
851 3008 988 3063 Antonin
1001 3012 1118 3078 exeneis,
1140 3010 1333 3069 Tenetroanm'

191 3097 329 3151 Victorino
383 3111 478 3150 earum
496 3093 557 3147 AB
575 3111 671 3148 eorum
695 3095 722 3148 V
773 3102 790 3150 4
812 3095 1018 3165 pinguitudinis
1041 3098 1168 3155 uindicta
1187 3101 1334 3172 PBp1.n-

187 3184 332 3255 gutudinis
357 3183 484 3239 uindicta
501 3201 560 3238 nna
579 3186 670 3238 littera
685 3190 749 3252 poet
766 3184 796 3253 pi
815 3187 901 3240 deleta
921 3189 947 3239 A
967 3186 1157 3256 pinguitudini
1175 3188 1293 3247 inimica
1311 3209 1334 3246 n.

187 3275 318 3342 ‘Antiqui
332 3290 421 3328 oannes
435 3275 510 3342 libri,
524 3272 733 3343 Pinguitudinis
747 3273 883 3329 uindicta’
900 3271 1036 3330 Victorius
1086 3283 1103 3332 t
1117 3276 1218 3333 thetim
1233 3279 1336 3335 thelim

186 3417 320 3471 dicebant
337 3416 366 3470 A
387 3416 488 3503 thetim
511 3364 591 3469 tlblim
615 3415 747 3470 dicebant
765 3417 793 3470 B
815 3415 908 3470 thetin
933 3417 1023 3472 thelin
1043 3419 1175 3474 dicebant
1196 3421 1224 3473 P
1240 3423 1336 3478 thetin

187 3541 341 3597 dicebantur
388 3546 403 3593 6
419 3541 472 3594 hae
482 3540 510 3593 P
520 3515 556 3594 hg
567 3541 594 3593 A
609 3557 657 3594 eae
669 3541 696 3594 B
743 3548 758 3595 7
774 3557 827 3609 que
847 3557 879 3595 ex
889 3541 1034 3597 medicant
1045 3561 1100 3612 qua
1110 3563 1144 3600 ex
1153 3547 1265 3603 medica
1278 3549 1338 3604 PB

186 3630 292 3698 quiex
314 3627 424 3684 medica
447 3630 473 3681 A
498 3631 564 3698 quia
588 3648 621 3684 ex
643 3630 785 3685 medicae
858 3630 962 3685 allatae
986 3632 1043 3686 VB
1065 3633 1141 3689 alate
1160 3636 1187 3689 A
1261 3643 1338 3694 8ex

187 3719 221 3772 iis
235 3718 296 3773 AB
315 3718 453 3771 Victorius
467 3734 500 3770 ex
514 3717 558 3770 his
578 3718 604 3771 V
616 3724 729 3788 utroque
744 3722 800 3775 loeo
854 3718 964 3788 amplae
984 3720 1100 3777 Ursinus
1115 3723 1224 3794 amplas
1245 3725 1338 3783 VAB

258 3812 274 3858 9
293 3808 321 3859 et
341 3822 355 3859 e
375 3805 465 3859 cauda
480 3806 539 3859 PA
553 3809 582 3861 et
596 3807 686 3861 cauda
700 3809 748 3863 Bo
822 3814 854 3864 10
873 3809 1014 3864 ordeaeeis
1033 3812 1060 3866 V
1129 3814 1261 3870 lolleaeia
1279 3818 1338 3872 PB

187 3893 315 3948 lolleariu
328 3894 355 3946 A
374 3892 492 3949 lolearia
509 3913 535 3949 ni
554 3894 702 3951 loliaeeao
758 3906 789 3951 11
809 3897 963 3953 eibundant
976 3901 1003 3953 A
1059 3907 1091 3954 12
1112 3905 1263 3958 eoneoetna
1281 3905 1337 3960 VB

187 3984 282 4038 coetus
305 3982 333 4037 A
409 3985 563 4053 antequam
591 3985 742 4039 seeundum
772 3986 840 4040 dent
863 3987 1043 4043 Schneiderna
1120 3990 1189 4046 data
1212 3993 1241 4047 A
1267 4012 1335 4050 corr.

187 4072 253 4127 dato
271 4072 313 4126 A²
376 4091 459 4142 quam
478 4077 684 4144 perpurgarunt
704 4076 794 4129 PAR
814 4093 875 4129 eum
895 4080 1099 4146 perpurgantn
1161 4086 1193 4134 15
1213 4085 1244 4136 et
1263 4083 1334 4139 triti·

187 4179 236 4217 eeo
254 4164 346 4217 PAB
364 4180 433 4217 corr.
453 4180 468 4217 e
487 4165 598 4219 triticeo
613 4164 653 4219 Α2
673 4182 706 4218 ex
724 4164 835 4218 triticeo
853 4183 869 4219 n
926 4172 958 4219 16
977 4166 1099 4222 farciunt
1116 4186 1131 4222 o
1151 4169 1266 4225 faciunt
1280 4172 1332 4229 PB

92 4288 95 4297 .
187 4251 290 4306 fatiunt
308 4253 334 4304 A
355 4269 423 4307 eurr.
443 4252 562 4307 fartiunt
579 4253 621 4307 A2
678 4259 712 4307 20
732 4252 788 4307 sint
806 4271 886 4323 pares
906 4255 1084 4311 Selineiderne
1103 4257 1141 4311 sit
1160 4260 1222 4328 pari
1244 4261 1335 4316 PAB

188 4338 224 4391 sit
242 4356 326 4407 pero
442 4342 590 4412 palumbos
609 4343 669 4395 AB
688 4340 834 4411 palumbes
856 4342 883 4396 V
978 4362 1011 4399 ae
1030 4346 1147 4401 eredunt
1165 4347 1193 4402 A
1212 4365 1286 4408 corr.
1307 4369 1339 4408 ae

186 4427 307 4482 reddunt
325 4428 365 4481 Α1
