3000 5026
187 334 252 400 232
678 333 863 388 vnaaoms

187 502 233 562 die
258 500 404 561 habentur
428 503 504 581 puri,
527 508 557 560 et
575 501 612 561 ab
636 520 671 561 eo
695 500 882 579 appellantur
904 500 940 560 ab
965 501 1095 578 antiquis
1119 516 1229 578 sacres,
1252 497 1334 577 quod

186 616 250 669 tum
269 607 303 668 ad
324 609 502 669 sacrificium
522 608 622 667 idonei
641 608 782 667 dicuntur
800 609 938 685 primum.
985 610 1085 686 itaque
1104 613 1176 685 aput
1195 604 1335 665 Plautum

186 717 216 775 in
240 714 463 794 Menaechimis,
491 732 559 774 cum
587 716 723 775 insanum
752 733 840 794 quem
864 722 961 794 putat,
989 721 1023 774 ut
1045 716 1146 793 pietur
1168 715 1200 773 in
1224 711 1335 790 oppido

186 820 362 901 Epidamno,
390 824 554 899 interrogat
582 817 696 900 ‘quanti
720 821 767 881 hic
791 824 874 899 porci
899 829 969 882 sunt
992 815 1125 881 sacres?
1172 821 1198 879 si
1222 818 1335 878 fundus

139 930 350 1009 liminiana,
378 927 442 987 dari
470 927 565 988 soient
593 931 712 988 vinacea
739 947 773 988 ac
797 930 879 1006 scopi
902 947 938 988 er
961 930 1034 988 uris.
1081 929 1189 986 amisso
1212 926 1336 984 nomine
1363 938 1377 977 ⁵

186 1035 328 1095 iactantes
352 1034 493 1094 dicuntur
517 1035 675 1095 nefrendes
699 1035 735 1094 ab
758 1053 802 1114 eo,
827 1032 905 1113 quod
926 1033 1057 1093 nondum
1076 1032 1173 1093 fabam
1192 1030 1334 1091 frendere

186 1148 324 1221 possunt,
352 1141 380 1200 id
411 1149 456 1201 est
479 1141 625 1220 frangere.
670 1160 780 1221 porcus
803 1159 942 1218 graecum
967 1150 1012 1200 est
1035 1158 1143 1201 nomen
1166 1140 1336 1218 antiquum,

186 1248 237 1308 scd
261 1247 462 1328 obscuratum,
486 1248 564 1327 quod
589 1267 668 1309 nunc
692 1267 760 1309 eum
784 1257 889 1309 vocant
910 1248 1049 1308 choeron.
1095 1249 1126 1305 in
1145 1263 1249 1307 eorum
1271 1244 1336 1305 fatu

186 1355 299 1415 scrofae
324 1355 369 1415 bis
393 1354 440 1414 die
465 1365 497 1416 ut
521 1355 623 1416 bibant
646 1365 752 1415 curant
774 1355 860 1415 lactis
879 1373 976 1416 causa.
1021 1371 1126 1434 parere
1146 1370 1226 1412 nunc
1244 1369 1335 1429 opor-

114 1481 118 1488 ·
185 1469 248 1522 tere
274 1480 395 1541 porcos,
423 1469 495 1539 quot
518 1481 659 1522 mammas
683 1462 801 1542 habeat3
830 1464 977 1521 siminus
1000 1462 1109 1541 pariat,
1137 1459 1335 1519 fructuariam
1350 1468 1379 1507 1⁰

139 1568 325 1631 18idoneam
357 1586 416 1629 nou
450 1587 529 1648 esse3
561 1571 585 1628 si
618 1569 719 1647 plures
750 1571 857 1649 pariat,
890 1587 954 1628 esse
983 1574 1163 1646 portantum.
1213 1568 1244 1625 in
1275 1584 1336 1644 quo

185 1674 258 1735 illud
296 1677 535 1753 antiquissimum
567 1676 659 1735 fuisse
693 1676 847 1756 scribitur,
884 1675 963 1754 quod
997 1693 1048 1734 sus
1080 1673 1196 1733 Aeneae
1229 1671 1337 1732 Lavini

185 1783 307 1859 triginta
339 1800 446 1860 porcos
478 1784 595 1860 peperit
623 1782 713 1846 albos.
763 1785 862 1862 itaque
892 1782 969 1861 quod
998 1779 1184 1860 portenderit
1212 1779 1337 1859 factum,

181 1896 258 1964 post
270 1889 453 1948 tricesimum
473 1907 583 1949 aunum
603 1899 636 1950 ut
654 1889 845 1951 Laviuieusas
860 1889 1048 1951 condiderint
1061 1887 1204 1967 oppidum
1219 1885 1338 1946 Albam.

184 1995 274 2056 buius
307 1997 369 2056 suis
398 2015 431 2056 ac
458 2015 618 2075 porcorum
647 2000 736 2057 etiam
763 2016 843 2058 nunc
871 1999 993 2075 vestigia
1021 1995 1164 2074 adparent
1192 1991 1380 2075 [iamne],1⁵

184 2137 362 2145 ————.-
370 2140 396 2144 ..-

255 2190 271 2238 2
291 2165 361 2254 aput
380 2156 510 2240 Plautum
528 2186 557 2239 in
575 2185 775 2242 Menaechimis
792 2190 849 2243 239

255 2368 271 2415 2
298 2363 394 2417 idonei
415 2363 452 2416 ad
479 2363 644 2418 sacrificium
674 2382 742 2421 corr.
771 2364 807 2419 ad
835 2362 1000 2418 sacrificium
1028 2361 1123 2416 idonei
1146 2361 1174 2414 Β
1248 2361 1337 2416 sacri-

183 2451 273 2504 fitium
291 2450 319 2504 A
392 2453 461 2521 aput
479 2452 536 2508 PA
559 2455 634 2521 apud
654 2455 702 2508 Ba
775 2451 1008 2507 3menaechimis
1028 2451 1056 2506 P
1072 2449 1257 2505 menachimis
1273 2448 1337 2504 AB

183 2539 372 2594 menaechmis
395 2557 411 2594 a
519 2546 536 2593 4
558 2541 708 2610 epidamno
732 2557 748 2596 o
771 2540 922 2610 epidamdo
941 2541 1031 2594 PAB
1137 2538 1288 2608 interroga
1305 2538 1337 2591 A

254 2629 301 2683 hic
330 2629 387 2683 VB
413 2628 443 2681 in
471 2645 539 2683 corr.
564 2629 611 2684 hic
634 2631 661 2682 A
685 2629 774 2684 hiim
846 2636 861 2684 5
889 2628 1008 2684 uinacea
1030 2645 1074 2683 ac·
1087 2627 1165 2696 scopi
1192 2626 1337 2682 Victoriae

183 2717 299 2771 uinacea
326 2734 359 2770 ac
387 2717 481 2786 scopei
511 2720 601 2772 PAB
628 2717 741 2773 uinaria
768 2735 801 2773 ac
830 2718 908 2788 scapi
935 2736 951 2773 o
1030 2723 1046 2770 6
1074 2717 1212 2771 lactantes
1240 2715 1336 2771 PAB

183 2806 313 2860 lactantis
340 2825 357 2860 a
464 2807 602 2876 frendere]
630 2809 759 2863 frondere
781 2810 809 2861 A
918 2813 933 2862 't
961 2807 1078 2876 possunt
1100 2806 1159 2861 AB
1191 2805 1336 2860 Victoriae

182 2895 291 2963 possint
325 2895 351 2948 V
455 2902 471 2949 8
508 2897 629 2952 choeron
659 2897 750 2952 PAB
787 2903 882 2965 χοῖρον
914 2914 930 2950 a
1037 2895 1108 2964 fotu]
1141 2896 1209 2963 peta
1240 2894 1336 2948 PAB

182 3002 252 3053 pecu
279 3001 307 3039 ra
340 2986 410 3054 potu
433 2986 589 3040 o.‘Aratea
621 2988 652 3040 in
684 2988 790 3041 meane
824 2987 918 3040 Pota:
933 2987 965 3041 a'ra
997 3001 1082 3039 maura
1113 2983 1225 3051 scriptia
1259 2985 1335 3036 anti·

182 3075 325 3143 parentas
343 3073 413 3127 Petu
427 3095 436 3126 .-
450 3074 481 3126 irr
499 3076 652 3128 seminatore
667 3074 742 3129 Pecu
756 3096 764 3127 .·
778 3075 869 3129 Foeta
891 3075 944 3145 lapi
961 3076 1054 3129 debera
1072 3074 1204 3128 arbitrati
1222 3073 1333 3126 sumas'

192 3162 329 3216 Victorias
349 3204 354 3215 .
375 3163 490 3228 sonasse
526 3163 555 3215 in
591 3161 684 3216 fetura
791 3169 807 3216 9
845 3177 942 3232 parere
973 3178 1047 3217 nunc
1079 3164 1209 3231 oportere
1239 3160 1335 3216 PAB

182 3266 280 3317 parere
308 3267 380 3304 nunc
409 3251 521 3318 oportet
548 3268 564 3305 a
592 3267 690 3320 parere
712 3251 758 3306 tot
781 3253 909 3320 oportere
932 3249 1005 3304 A’m
1027 3266 1125 3319 parere
1148 3251 1192 3304 tot
1216 3250 1335 3318 oportet

183 3337 327 3393 Iucundos
337 3381 343 3393 .
353 3340 469 3405 fortasoe
486 3356 583 3407 parere
599 3339 696 3393 dicunt
709 3340 827 3394 totidem
843 3342 971 3410 oportere
1027 3345 1061 3393 10
1079 3338 1149 3407 quot
1162 3355 1332 3392 mammaea

183 3428 258 3495 quod
276 3443 413 3481 mammas
428 3427 517 3480 PAB
573 3435 605 3482 12
625 3429 755 3482 scribitur
773 3429 858 3483 fuisse
877 3446 944 3483 corr.
964 3426 1051 3483 fuisse
1066 3425 1197 3482 scribitur
1211 3428 1242 3481 Β
1300 3433 1331 3481 13

182 3515 293 3585 peperit
316 3516 404 3570 PAB
432 3517 612 3584 pepe..ita
640 3517 780 3587 pepererit
802 3518 936 3586 Anaetica
1021 3515 1128 3571 factum
1151 3514 1329 3584 trigesimum

183 3622 286 3658 annum
311 3605 343 3657 ut
366 3603 536 3657 labinienses
562 3605 589 3656 P
610 3606 716 3660 factum
739 3590 911 3660 tricesimum
935 3622 1039 3659 annum
1063 3609 1095 3658 ut
1116 3603 1280 3660 labinenses
1303 3606 1329 3659 A

182 3691 286 3746 factum
307 3688 500 3744 tricensimum
519 3708 621 3744 annum
640 3694 672 3746 ut
684 3693 853 3748 labinienses
868 3694 896 3747 B
913 3692 1020 3747 factum
1033 3692 1211 3762 trigesimum
1225 3711 1327 3748 annum

183 3782 214 3832 ut
232 3779 388 3833 lauinenses
406 3797 422 3833 a
478 3785 528 3833 ’14
548 3780 722 3836 condiderint
740 3781 874 3851 oppidum
893 3781 959 3834 alba
977 3779 1035 3835 VB
1052 3779 1232 3858 condiderint
1250 3781 1324 3851 oppi-

182 3869 249 3974 ciribni
268 3920 295 3973 A
316 3921 500 3976 condidonmt
519 3924 651 3993 oppidum
670 3926 764 3979 albam
784 3943 809 3979 m
828 3914 982 3979 conderent
999 3922 1133 3993 oppidum
1153 3923 1258 3978 Albam
1277 3925 1320 3976 Ia·

182 4011 288 4065 madar
361 4016 393 4064 15
417 4010 499 4067 huius
522 4013 565 4066 uis
589 4029 657 4067 corr.
682 4011 763 4067 huius
789 4013 845 4067 suis
864 4014 892 4068 A
964 4017 1101 4083 apparent
1122 4011 1216 4066 iamne
1238 4011 1317 4067 PAB

181 4088 320 4169 apparent
341 4100 371 4153 in
394 4119 476 4156 amne
499 4120 524 4159 a.
563 4102 703 4172 ‘Vestigia
726 4105 863 4173 apparent
881 4101 1005 4168 Lauinii,
1029 4103 1104 4171 quod
1128 4105 1157 4157 et
1176 4102 1343 4169 simulac&

182 4206 277 4243 eorum
305 4191 357 4243 etc.
400 4191 449 4244 Ec
471 4195 581 4262 capania
604 4193 645 4246 ita
668 4194 824 4260 emendarat,
852 4211 916 4248 nam
936 4193 1112 4261 peraatpata»
1126 4191 1205 4245 lectio
1224 4203 1374 4283 paras

182 4279 249 4331 mibi
262 4279 450 4346 probabatur,
474 4285 498 4333 et
521 4300 538 4348 a
557 4285 645 4334 uetere
663 4281 843 4348 discrepabat.
864 4314 896 4320 -
917 4280 971 4335 Sed
985 4281 1068 4349 prins
1086 4295 1148 4332 cam
1165 4281 1221 4346 ride
1238 4283 1381 4374 Wr-

183 4371 238 4419 tam
256 4367 422 4433 scripturam
440 4368 484 4420 bia
502 4371 639 4437 adponam
655 4367 806 4438 :Vestigia
824 4370 961 4440 apparent
979 4369 1081 4436 iamne,
1100 4368 1176 4438 quod
1195 4370 1225 4424 et
1243 4368 1390 4463 siist

182 4453 259 4508 lacre
277 4454 383 4508 eorum'
406 4453 544 4511 Victorias
