3000 5026
556 115 605 168 uu
625 113 712 168 acui
732 113 903 167 ovantum
922 112 951 167 u.
975 114 1035 174 157
1304 110 1366 177 101

220 298 333 359 resque
356 280 495 359 purgabit
518 299 665 360 sanosque
684 281 785 361 faciet,
809 279 896 359 quod
908 283 996 341 uliud
1008 279 1257 340 medicamentum
1271 280 1369 340 lacere

220 405 284 446 non
312 394 423 465 potest.
465 408 569 449 verum
596 390 680 468 prius
709 406 796 465 quam
824 387 854 447 ld
882 389 1020 466 inponas,
1051 404 1126 465 aqua
1155 385 1248 446 calida
1277 385 1370 447 multa

221 491 332 553 lavato:
355 501 457 571 postca
481 495 527 555 bis
551 498 581 556 in
607 495 654 556 die
678 496 835 554 contritam
859 495 1002 572 imponito.
1038 491 1078 552 ‘ea
1098 509 1216 552 omnem
1230 501 1368 571 putorem

220 599 342 660 adimet.
385 619 492 662 cauocr
524 611 601 678 ater,
633 604 659 662 is
689 601 749 662 olet
780 609 810 661 et
839 602 951 661 saniem
980 618 1118 678 spurcam
1146 602 1251 676 mittit3
1284 598 1368 660 albus

191 705 402 784 apurulentus
426 717 484 789 est,
508 711 560 770 sed
584 710 737 771 fistulosus
761 715 791 769 et
814 708 920 769 subtus
944 714 1089 786 suppurat
1118 707 1173 767 sub
1198 726 1295 768 carne.
1336 707 1408 768 in4

219 832 254 873 ea
279 805 550 876 vulnera'huiuscc
580 815 659 877 modi
686 823 765 876 teras
793 815 966 895 brassicam,
996 831 1100 872 sanum
1128 812 1230 873 laciet:
1259 815 1369 891 optima

219 928 266 981 est
290 921 326 981 ad
350 921 475 982 huiusce
499 922 579 982 modi
604 921 718 982 vulnus,
760 929 791 981 ct
813 921 946 982 luxatum
966 919 1070 998 siquod
1087 926 1144 998 est,
1169 918 1215 978 bis
1230 919 1277 979 die
1293 938 1369 999 aqua

220 1026 314 1087 calida
338 1028 449 1108 foveto,
479 1026 640 1088 brassicam
664 1030 764 1088 tritam
788 1029 942 1106 opponite,
973 1028 1032 1086 cito
1057 1043 1160 1085 sanum
1189 1026 1289 1086 saciet:
1322 1026 1368 1087 bis

221 1132 268 1194 die
291 1133 351 1212 [id]
376 1136 531 1215 opposito,
556 1133 673 1224 dobras
697 1135 820 1195 auferet.
862 1142 892 1195 et
907 1133 1005 1213 siquid
1020 1140 1178 1194 contusum
1193 1142 1247 1214 est,
1271 1152 1367 1194 erum·

165 1249 285 1321 111111,
310 1239 474 1301 brassicam
497 1242 597 1301 tritam
621 1243 776 1321 opponito,
800 1259 905 1301 sanum
928 1242 1025 1301 faciet.
1062 1247 1092 1299 et
1116 1240 1213 1317 siquid
1233 1241 1263 1298 in
1279 1259 1368 1301 mam·

222 1349 277 1408 tuis
301 1347 412 1407 ulceris
428 1355 531 1408 natum
545 1355 575 1407 et
589 1350 768 1428 carcinoma,
793 1347 954 1408 brassicam
969 1349 1070 1407 tritam
1084 1348 1238 1427 opponite,
1263 1366 1366 1409 sanum

223 1453 316 1513 laciet.
360 1459 390 1514 et
413 1456 438 1514 si
469 1452 555 1514 uleus
583 1455 773 1514 acrimoniam
801 1455 866 1514 eius
894 1453 973 1514 serre
1001 1470 1062 1513 nou
1088 1455 1212 1533 poterit,
1245 1450 1407 1515 larinam5

223 1557 417 1621 hordeaceam
445 1564 584 1642 miseeto,
614 1564 654 1621 ita
683 1563 833 1640 opponilo.
874 1561 998 1621 huiusce
1030 1560 1110 1620 modi
1141 1559 1241 1621 ulcera
1272 1565 1369 1622 omnia

223 1665 291 1727 haec
327 1687 398 1728 sana
431 1669 531 1748 faciet,
565 1668 644 1746 quod
673 1667 750 1728 aliud
778 1668 1026 1728 medicamentum
1056 1667 1154 1728 lacere
1183 1686 1243 1727 uon
1270 1674 1368 1746 potest

166 1790 320 1853 zetasque
346 1792 484 1853 purgare.
527 1785 556 1836 et
578 1794 672 1854 puero
701 1785 731 1835 et
753 1774 868 1855 puellae
893 1777 918 1834 si
938 1774 1027 1848 ¹ulcus
1051 1777 1109 1835 erit
1131 1774 1255 1835 huiusce
1280 1776 1367 1856 modi,

221 1877 345 1940 lerinam
374 1880 569 1943 hordeaceam
597 1883 704 1943 addito.
747 1890 777 1942 et
806 1885 831 1942 si
859 1881 939 1942 voles
969 1901 1033 1942 eam
1061 1891 1230 1959 consectam
1257 1882 1366 1960 lautam

759 1948 936 1969 dana-¹-
991 1951 1029 1962 κ

220 1987 328 2073 siccam
354 1987 414 2068 sade
438 1995 522 2072 aceto
546 2007 677 2075 sparsam
702 2008 780 2075 esse,
805 1988 952 2077 salubrius
967 1988 1039 2072 nihil
1054 1996 1108 2073 est.
1150 2008 1208 2067 quo
1223 1988 1364 2049 libentius
1385 1981 1403 2037 6

213 2093 295 2174 edis,
326 2101 409 2154 aceto
433 2094 529 2156 mulso
553 2099 697 2175 spargite:
726 2097 834 2157 lautam
863 2098 971 2156 siccam
999 2102 1030 2155 et
1053 2103 1150 2156 rutam
1177 2095 1365 2156 coriandrum

207 2206 331 2260 sectam
356 2199 415 2260 sale
440 2219 572 2280 sparsam
595 2203 682 2282 paulo
706 2203 847 2263 libentius
870 2201 948 2262 edes.
990 2201 1019 2261 id
1044 2201 1119 2262 bene
1143 2201 1231 2263 lacict
1250 2212 1280 2262 et
1298 2203 1366 2263 mali

125 2326 177 2367 πο
198 2305 290 2369 nihil
321 2308 405 2392 sinet
430 2309 460 2367 in
489 2326 614 2391 empore
638 2311 801 2370 consistere
826 2317 855 2369 et
879 2308 976 2370 alvum
999 2307 1105 2368 bonam
1130 2309 1225 2370 faciet.
1255 2309 1365 2388 siquid

175 2587 290 2642 cusis
311 2586 447 2650 Putridae,
475 2591 500 2639 et
520 2586 690 2640 Putrescsre:
719 2588 751 2639 ia
769 2587 892 2654 antiquis
910 2587 1002 2652 libris,
1029 2587 1149 2655 Portas,
1173 2594 1198 2642 et
1216 2587 1364 2664 Putescere,

170 2675 352 2743 seriptum
370 2674 481 2729 iausai'
506 2673 644 2728 Victorius
753 2689 934 2740 caneeresque
954 2673 1043 2727 PAR
1063 2691 1232 2744 canorosque
1251 2693 1267 2729 a

168 2771 196 2818 1
260 2763 335 2832 quod
360 2763 596 2818 medicamentum
618 2761 827 2831 (medicamhum
847 2762 885 2825 A)
913 2760 1004 2815 facere
1025 2761 1117 2816 PAR
1145 2763 1220 2831 quod
1244 2763 1364 2818 medica-

165 2855 344 2906 mentum
364 2851 439 2906 aliud
458 2852 584 2905 faceres
657 2856 673 2904 2
693 2848 821 2918 imponas
846 2848 935 2902 VAR
1007 2849 1178 2919 3imponibo
1203 2849 1249 2916 Vs
1267 2850 1363 2918 ponito

164 2943 219 2995 A
238 2941 289 2995 bc
383 2949 399 2996 4
419 2957 517 2996 cancer
535 2942 597 2994 ater
613 2941 638 2994 is
657 2938 716 2994 olet
740 2938 766 2992 V
782 2955 881 2993 cancer
900 2937 972 2993 aieri
990 2937 1063 2992 solet
1081 2940 1150 3006 Acf
1163 2955 1262 2993 cancer
1279 2938 1364 2993 atteri

168 3029 325 3085 soleib
417 3035 433 3084 ὅ
452 3031 550 3085 subtus
575 3029 641 3084 Vbc
659 3030 758 3097 suptus
777 3028 828 3096 As
912 3030 1050 3097 suppurat
1073 3025 1174 3095 VAbs
1194 3029 1323 3097 snapurab
1341 3045 1363 3084 c.

170 3118 410 3188 Suppuratio
423 3122 546 3190 marpissa
560 3119 709 3186 adscripsit
724 3116 752 3170 P
821 3118 939 3190 alpinas
959 3115 1120 3171 brassicaP
1134 3117 1223 3184 tebras
1240 3118 1364 3174 brassica
1425 3166 1429 3170 .

173 3206 225 3258 A
239 3205 292 3260 bc
319 3210 409 3282 terras
436 3208 603 3274 brassicas
626 3215 685 3262 tere
713 3204 864 3259 brassicam
888 3223 914 3259 o.
952 3208 1025 3260 ceras
1054 3206 1166 3260 coniecit
1195 3205 1362 3262 Politiaaus.

180 3292 321 3350 ‘Toros
348 3298 510 3352 brassicam.
549 3297 681 3351 Meudose
709 3297 741 3349 ia
768 3295 891 3363 antiquis
918 3294 1034 3349 Tacitae
1060 3295 1198 3348 brassica’
1225 3296 1364 3351 Victorius

308 3392 322 3439 7
341 3387 458 3454 fortusse
476 3388 506 3441 ei
522 3387 649 3440 luxatum
670 3383 762 3452 siquid
782 3384 831 3450 esi,
850 3384 893 3437 bis
912 3384 942 3436 in
961 3384 1006 3438 die
1099 3389 1114 3438 8
1133 3382 1228 3438 fauete
1246 3386 1273 3438 A
1293 3401 1361 3440 corr.

188 3465 312 3529 ioueio
331 3475 372 3529 A2
443 3474 531 3528 faciat
549 3490 616 3528 corr.
635 3472 722 3526 faciet
741 3474 768 3524 A
847 3472 964 3546 fmtaase
983 3470 1026 3526 bis
1045 3472 1075 3526 in
1094 3470 1138 3526 die
1157 3472 1291 3542 apponibo

196 3595 215 3641 9
249 3597 424 3667 anferentA
500 3563 590 3666 siqui‘s1
608 3599 753 3652 contusum
772 3596 800 3650 A
897 3601 929 3648 13
949 3595 1134 3652 hordeaceam
1158 3597 1362 3653 Vordeaceam

199 3675 289 3746 Abs
307 3688 413 3741 hordea
432 3703 465 3740 eo
485 3703 499 3741 c
618 3685 810 3740 huiuscemodi
829 3684 922 3739 ulcera
941 3686 980 3751 bf
998 3685 1204 3740 huiusscemodi
1222 3687 1317 3742 ulcera
1335 3688 1362 3741 A

200 3760 404 3831 hui'scemodi
423 3776 517 3830 ulcera
536 3794 551 3831 c
572 3773 733 3829 huiuamodi
752 3773 844 3828 ulcera
866 3770 894 3825 V
981 3779 1014 3826 14
1033 3789 1100 3827 sana
1117 3791 1134 3827 a
1153 3790 1250 3826 sanum
1271 3776 1362 3828 PAR

302 3871 335 3919 15
354 3881 446 3932 neque
464 3879 584 3933 purgare
603 3862 663 3916 AR
673 3860 756 3930 Vici,
775 3878 827 3916 nec
845 3877 965 3930 purgare
987 3861 1014 3913 V
1098 3859 1152 3913 erit
1169 3858 1361 3916 huiuscemodi

207 3933 284 4006 Vbs
311 3952 365 4007 erit
382 3950 590 4006 huiusseemodi
608 3952 635 4004 A
661 3951 715 4004 erit
733 3945 950 4004 hui⁵sccmodic
1045 3953 1078 4002 16
1097 3947 1261 4003 ordeacaam
1283 3948 1359 4004 VAb

204 4025 365 4095 ⁰fdearnc
456 4047 488 4095 11
507 4041 602 4096 acceto
617 4040 711 4109 priore
730 4040 786 4094 loco
805 4040 831 4091 A
916 4036 1004 4091 nichil
1021 4036 1049 4090 A
1139 4042 1173 4090 18
1192 4037 1250 4091 edis
1270 4038 1360 4092 PAR

201 4109 274 4169 “¹³⁴⁸
300 4147 318 4182 a
391 4129 567 4183 coriandrum
587 4130 693 4183 seciam
711 4129 765 4182 VR
784 4127 959 4182 coriandrum
978 4129 1084 4180 sectum
1102 4127 1129 4179 A
1203 4131 1236 4179 19
1254 4125 1360 4181 faciens

198 4192 221 4244 Α
245 4219 331 4272 corr.
351 4217 496 4273 11111111ῃ
568 4223 602 4270 20
621 4216 709 4271 nichil
726 4218 753 4270 A
816 4215 1041 4277 ,111111101111
1060 4213 1142 4269 fabiol
1160 4215 1187 4268 A
