3000 5026
394 347 523 402 RERVM
542 345 778 404 RVS'IICARVM
795 347 863 404 LIB.
882 347 896 401 I
915 342 1037 401 59-64
1230 348 1292 413 19Ἰ

240 513 325 584 Quod
353 532 440 576 nemo
470 515 586 575 fructus
614 515 728 595 condit,
755 516 814 575 nisi
842 523 875 575 ut
897 522 1026 596 promet,
1055 516 1092 576 de
1115 535 1151 576 eo
1175 535 1293 596 quoque
1312 517 1390 577 LXII

153 620 196 681 rel
234 627 316 681 sexto
349 621 442 700 gradu
474 620 732 681 animadvertenda
763 640 865 700 pauco.
919 629 1061 700 promunt
1092 622 1210 684 condita
1242 631 1294 683 aut

152 734 321 809 propteroa,
349 728 427 806 quod
456 735 526 788 sunt
553 728 675 809 tuenda,
704 736 754 789 sut
782 728 860 807 quod
889 729 1011 810 utenda,
1039 736 1089 789 aui
1117 728 1195 808 qnod
1226 746 1293 788 ven-

153 832 258 895 dunds.
309 853 342 894 es
375 836 454 914 quod
486 835 640 895 dissimilia
673 842 743 895 suni
774 836 853 895 Inter
886 854 932 916 se,
970 835 1042 896 aliut
1074 835 1130 896 alio
1158 843 1293 914 tempore
1395 885 1398 889 .

95 944 140 1003 ⁴⁵
153 941 295 1002 tuendum
318 949 348 1002 et
370 943 522 1024 utendum.

237 1048 354 1109 'Iuendi
382 1067 469 1109 causa
497 1049 693 1127 promendum
721 1049 750 1108 id
778 1049 973 1129 frumentum,
1001 1049 1080 1128 quod
1104 1046 1292 1109 curculiones
1310 1048 1402 1110 LXIII

153 1169 253 1212 exesse
285 1154 441 1231 incipiunt.
486 1153 515 1213 id
545 1156 622 1214 enirn
651 1172 719 1214 cum
747 1163 917 1232 promptum
945 1162 1003 1235 est,
1031 1157 1063 1214 in
1091 1154 1151 1215 soie
1180 1173 1292 1232 ponere

152 1266 266 1336 oportet
294 1278 386 1338 aquae
415 1262 540 1340 catinos,
578 1260 656 1338 quod
685 1278 720 1320 eo
747 1262 939 1343 conveniunt,
970 1269 1004 1322 ut
1031 1263 1089 1340 ipsi
1117 1280 1148 1322 se
1175 1268 1291 1342 necent,

154 1365 347 1427 curculiones.
393 1365 448 1426 suh
472 1376 552 1426 terra
576 1368 627 1445 qui
649 1364 760 1427 hebent
783 1367 965 1428 frumentum
987 1371 1018 1428 in
1038 1371 1075 1429 iis
1094 1386 1168 1446 quos
1187 1376 1292 1428 vocant

70 1483 134 1533 ια
154 1472 236 1552 siros,
255 1473 335 1551 quod
356 1490 423 1532 curn
441 1473 574 1550 periculo
593 1475 736 1534 introitur
753 1476 868 1535 recenti
887 1476 1047 1554 opertione,
1066 1476 1106 1535 ita
1122 1482 1155 1535 ut
1170 1474 1291 1553 qrribus-

154 1576 212 1637 dem
233 1580 273 1638 sit
291 1578 452 1639 interclusa
471 1581 575 1662 anIma,
600 1579 748 1658 aliquanto
768 1587 835 1659 post
853 1599 998 1661 promere,
1022 1569 1110 1660 quum
1128 1583 1291 1663 aperueris,

149 1693 273 1762 oportet.
321 1686 373 1766 iar,
397 1685 475 1778 quod
500 1688 530 1746 in
554 1687 644 1765 spicis
668 1687 837 1747 condideris
860 1707 914 1766 per
936 1706 1064 1748 messem
1084 1697 1113 1749 et
1132 1689 1168 1775 od
1189 1687 1289 1766 [usus]

139 1791 263 1884 cinctus
288 1769 426 1875 expetire
450 1793 536 1897 Q,
564 1794 761 1884 promendum
784 1794 890 1872 hieme,
915 1802 948 1855 ut
970 1796 1001 1854 In
1024 1797 1151 1874 pistrIno
1176 1797 1290 1874 pisatur

129 1915 173 1958 ac
200 1907 363 1960 torreatur.

58 2012 86 2052 ¹⁵
233 2006 363 2067 Amurco
390 2025 458 2067 cum
487 2025 522 2067 cx
550 2007 612 2067 olea
640 2025 792 2085 expressa,
822 2010 942 2086 quiesi
966 2027 1051 2068 umor
1074 2009 1223 2088 equeIIIIS,
1252 2027 1285 2069 sc
1304 2007 1392 2068 LXIV

105 2117 359 2175 recrimentum
389 2112 445 2190 [et]
474 2114 626 2174 conditum
653 2117 684 2174 in
714 2132 763 2174 vos
793 2113 896 2193 fictile,
925 2115 955 2174 id
984 2114 1102 2193 quidam
1127 2118 1170 2176 sic
1194 2115 1296 2175 solent·

96 2201 363 2303 tuerijdicbus
386 2235 433 2281 xv
457 2223 488 2280 iu
512 2239 546 2279 eo
567 2221 645 2299 quod
665 2228 710 2281 est
729 2220 909 2281 IevissImum
930 2240 962 2281 ac
982 2239 1131 2280 summum
1150 2219 1289 2280 defletum

216 2505 232 2553 6
262 2498 447 2568 promendum
475 2498 505 2551 id
527 2498 698 2552 frumentum
720 2501 794 2553 Nou.
813 2516 844 2568 p.
869 2504 930 2567 546,
955 2505 972 2555 7
1045 2505 1078 2552 13
1107 2495 1289 2568 promendum

66 2584 235 2643 hieme
254 2587 328 2642 Nou.
344 2603 375 2656 p.
395 2590 459 2653 163,
478 2591 512 2640 14

218 2854 232 2901 1
251 2849 287 2902 de
303 2863 336 2901 eo
350 2853 472 2923 quoque]
487 2853 528 2906 Dc
542 2851 701 2920 promendis
716 2853 748 2907 iu
761 2854 884 2923 murpiuc
897 2854 1010 2907 rubrica
1023 2852 1051 2905 A
1123 2859 1139 2906 2
1158 2854 1291 2921 promunt

60 2937 259 2991 condite
289 2941 339 2995 aut
366 2943 513 2997 Iucundos
539 2940 664 2994 Primum
697 2942 775 3009 (corr.
803 2941 988 2995 Promendum
1016 2939 1067 3007 A’)
1100 2940 1213 2992 condItu
1239 2941 1289 2992 uui

62 3013 119 3086 1,)
120 3024 190 3076 A
207 3028 235 3082 Β
252 3027 376 3083 Primum
395 3033 443 3085 aut
461 3047 484 3085 o.
519 3030 571 3084 ‘Iu
590 3031 708 3096 cuuctis,
732 3046 798 3098 quos
815 3031 891 3096 uidi,
911 3029 1140 3097 manuscriptis,
1163 3025 1289 3079 Primum

66 3116 269 3185 condico,
294 3119 356 3188 iepi’
382 3120 521 3174 Victorius
610 3124 626 3171 3
650 3117 801 3171 uendunda
821 3117 913 3172 PAB
936 3116 1122 3171 uendendau
1212 3120 1229 3168 4
1254 3131 1288 3168 eu

68 3206 220 3260 quod
243 3207 299 3261 VB
319 3224 352 3261 ea
370 3224 441 3277 quoe
460 3206 519 3261 Aru
591 3205 723 3261 disimilis,
740 3205 769 3259 A
841 3206 912 3260 aliut
932 3205 960 3257 P
977 3204 1053 3259 uliud
1073 3204 1155 3259 ABu

218 3299 250 3348 10
269 3311 345 3350 serus
359 3296 450 3350 PAB
469 3313 547 3365 syros
565 3311 581 3349 u
653 3295 726 3365 quod
746 3313 809 3350 cum
828 3294 918 3349 VAB
936 3311 1006 3349 corr.
1026 3311 1081 3362 quo
1101 3311 1164 3348 cum
1177 3291 1217 3346 A’

79 3371 138 3425 11
193 3384 344 3453 aperueris
366 3384 456 3439 VAB
474 3401 543 3439 corr.
563 3378 724 3453 operuerint
741 3384 783 3438 A²
801 3383 983 3453 apparuerint
999 3400 1026 3438 m
1100 3388 1132 3436 12
1155 3382 1287 3452 messem]

82 3471 269 3527 metrsem
283 3473 344 3527 Am
416 3478 449 3527 13
470 3472 519 3526 ‘Vt
536 3472 566 3526 in
580 3472 699 3542 pistrino
713 3472 829 3542 pisetur,
851 3489 884 3526 oc
898 3475 1043 3527 torreatur.
1077 3472 1188 3526 Vetusta
1202 3472 1287 3526 lectio.

90 3545 231 3619 Apud
254 3562 392 3628 Nouium,
417 3562 466 3631 qui
492 3561 564 3614 buuc
593 3562 680 3615 Iocum
703 3562 830 3628 adducit,
858 3562 970 3630 lepitur,
998 3561 1118 3616 Pirctur’
1150 3560 1288 3613 Victorius

162 3683 166 3687 ·
215 3650 245 3704 in
263 3644 382 3727 pistrino
401 3651 462 3705 AB
479 3648 510 3703 in
528 3649 632 3719 pistino
651 3649 723 3704 Pin
741 3650 895 3720 pristinos
966 3652 1073 3720 pisatur
1089 3651 1147 3705 PB
1165 3649 1289 3719 puscItur

100 3729 149 3778 *It
177 3740 309 3806 videtur,
327 3755 396 3794 corr.
416 3741 526 3809 piscetur
544 3740 571 3793 A
589 3739 716 3808 pinsetur
733 3756 759 3792 uc
778 3738 884 3808 pisctur
901 3757 917 3795 o
936 3741 1047 3796 Nouius
1061 3758 1091 3810 p.
1111 3743 1176 3805 163,
1194 3744 1230 3793 16

218 3835 249 3884 15
274 3845 390 3898 express
408 3828 436 3881 A
507 3843 587 3882 umor
604 3827 633 3882 A
650 3829 749 3881 humor
772 3828 838 3892 VR
903 3834 936 3882 16
960 3828 1157 3884 recrimentum
1176 3831 1205 3882 et
1223 3844 1287 3882 con-

109 3895 235 3970 diturn
248 3916 339 3972 PAB
352 3915 545 3971 retrimentum
561 3916 704 3984 conditum
717 3933 741 3970 u.
773 3916 961 3972 ‘Pcructustus
975 3919 1051 3985 iiber,
1066 3915 1285 3970 Recrimenium'

116 3981 285 4061 Victorius
365 4012 396 4060 17
421 4004 519 4059 diebus
537 4004 589 4058 XV
612 4022 645 4058 ex
669 4021 701 4059 eo
726 4006 802 4073 quod
825 4007 868 4059 est
894 4005 1069 4059 leuissimum
1092 4019 1125 4058 ac
1149 4021 1286 4058 summum

10 4104 15 4131 ·“
51 4125 58 4131 »
115 4070 275 4153 demetur
298 4094 453 4147 Iucuudus.
492 4092 601 4148 ‘Omnes
622 4109 708 4147 mauu
731 4094 828 4162 scripti
850 4091 1002 4158 Deflatum‚
1025 4093 1124 4145 habeut
1137 4112 1146 4143 .-
1159 4093 1285 4160 quemad·

33 4236 36 4241 .
115 4173 253 4237 ”²0dum
279 4183 361 4236 ctiori
383 4181 484 4251 primis
511 4182 675 4251 temporibus
702 4182 796 4235 cucusi
824 4181 901 4246 iibri,
929 4196 961 4232 eu
984 4195 1036 4248 quc
1059 4179 1223 4249 intelligitur
1244 4179 1287 4233 itu

87 4271 89 4276 '
117 4251 169 4306 “b
206 4273 289 4326 uouis
316 4256 509 4326 correctoribus
536 4271 624 4325 locum
650 4272 814 4341 castipatuue
840 4271 933 4336 fuisse.
975 4270 1016 4323 Iu
1042 4270 1143 4337 optimo
1165 4270 1286 4323 omnium

10 4429 12 4436 Ι
118 4349 236 4414 ⁰⁰dice
257 4361 298 4415 ita
320 4365 392 4415 totus
415 4361 489 4414 iocus
513 4360 625 4428 lenitur,
648 4360 753 4414 Diebus
774 4359 836 4412 XV
857 4373 886 4412 eo
904 4359 975 4426 quod
993 4363 1032 4412 est
1050 4357 1231 4426 leuissimum,
1253 4373 1287 4412 uc

118 4434 278 4505 8’Ψηιιιιιοι
300 4448 440 4519 defletum'
469 4446 605 4502 Victorius
676 4446 706 4501 in
725 4451 787 4502 autc
806 4463 838 4502 eo
857 4462 907 4502 cru.
931 4446 1020 4501 VAB
