3000 5026
198 321 243 384 46
692 322 846 383 CATONIS

200 507 239 549 eo
260 489 359 564 addito
384 506 509 567 gypsum
528 489 699 569 contritum,
722 490 771 548 uti
782 487 948 547 crassitudo
969 487 1019 547 liat
1039 489 1123 566 quasi
1143 487 1351 566 emplastrum,

201 613 237 653 eo
260 591 340 659 dolie
361 597 480 656 sarcito.
517 595 569 655 uhi
592 598 731 675 sarseris‚
754 597 806 674 qui
829 595 958 654 colorem
982 595 1110 654 eundem
1125 595 1225 673 iacias,
1249 602 1351 654 cretae

200 702 310 761 crudae
324 712 426 780 partes
440 703 522 782 diras,
537 701 627 762 calcis
640 704 758 761 tertiam
774 704 968 761 conmisceto:
987 701 1056 760 inde
1075 699 1235 783 laterculos
1251 700 1350 780 facito,

201 811 322 886 coquito
346 811 376 868 in
402 810 535 889 fornace,
558 828 626 869 eum
651 811 797 868 conterite
821 808 910 885 idque
933 806 1076 866 inducito.

290 914 347 974 Per
371 915 497 975 imbrem
521 916 641 978 invilla
666 917 801 994 quaerito
824 914 896 993 quid
921 913 985 973 heri
1009 913 1111 997 possit.
1140 931 1178 972 ne
1202 921 1350 993 cessetur,
1379 928 1392 968 1

200 1021 362 1081 munditias
391 1022 487 1082 incito.
529 1025 670 1102 cogitato,
698 1024 724 1081 si
752 1021 826 1081 nihil
855 1021 918 1100 liet,
945 1020 1038 1080 nihilo
1066 1022 1166 1080 minus
1196 1029 1352 1099 sumptum

202 1128 348 1188 loturum.

138 1242 182 1297 XL
292 1235 349 1296 Per
373 1255 424 1295 rer
443 1237 515 1297 haee
536 1238 600 1296 lieri
615 1245 741 1315 oportet
774 1235 873 1296 sulcos
892 1243 922 1294 et
937 1235 1059 1295 scrobes
1073 1235 1148 1313 lieri,
1172 1237 1352 1314 seminariis,

203 1345 326 1402 vitiariis
350 1343 447 1403 locum
472 1347 561 1424 verti,
585 1347 660 1403 vites
683 1346 854 1423 propagari,
882 1345 912 1402 in
939 1342 1012 1402 locis
1036 1344 1146 1402 crassis
1170 1350 1200 1402 et
1223 1346 1353 1403 umectis

160 1459 163 1463 '
202 1448 313 1529 ulmos,
336 1450 421 1529 ticos,
444 1469 544 1529 poma,
573 1451 652 1510 olcas
676 1453 736 1511 seri
759 1458 885 1528 oportet.
927 1451 1014 1530 ticos,
1037 1449 1131 1529 oleas,
1159 1449 1248 1528 mala,
1276 1453 1353 1530 pira,
1369 1458 1394 1501 10

203 1556 278 1614 vites
297 1557 389 1615 inseri
413 1565 530 1636 oportet
554 1557 623 1617 luna
648 1557 747 1616 silenti
770 1565 838 1635 post
860 1556 1015 1618 meridiem
1039 1557 1103 1615 sine
1127 1566 1215 1616 rento
1239 1565 1353 1617 austro.

165 1661 297 1742 2oleaS,
325 1664 411 1742 ticos,
440 1666 518 1744 pira,
548 1663 623 1723 mala
648 1663 703 1723 hoc
731 1663 818 1723 modo
849 1665 981 1727 inserito.
1023 1680 1111 1741 quem
1140 1680 1256 1723 ramum
1280 1665 1353 1722 insi-

205 1777 291 1828 turns
314 1772 384 1849 eris,
407 1771 579 1850 praecidite
603 1771 743 1831 inclinato
763 1771 956 1850 aliquantum,
978 1779 1012 1833 ut
1035 1788 1111 1848 aqua
1133 1768 1257 1830 delluat:
1282 1787 1353 1829 oum

203 1876 371 1957 praecides,
395 1885 496 1937 caveto
521 1897 558 1937 ne
581 1877 690 1938 librum
715 1878 870 1938 convellas.
908 1879 1018 1937 sumito
1041 1876 1095 1936 tihi
1118 1875 1273 1935 surculum
1299 1875 1354 1935 dn·

204 2000 286 2063 rum,
313 2001 382 2042 eum
405 1987 592 2064 praesumto,
622 1984 741 2044 salicem
771 2002 906 2062 graecam
934 1983 1102 2045 discindlto.
1143 1981 1277 2059 argillam
1306 1981 1353 2041 vel
1368 1996 1394 2035 1⁵

204 2096 316 2148 cretam
339 2089 484 2169 eoaddim,
508 2092 634 2151 harenae
657 2091 810 2169 paululum
834 2100 864 2151 et
887 2091 988 2150 limum
1014 2088 1176 2169 bubulum,
1199 2088 1272 2148 haec
1292 2107 1353 2148 una

205 2193 280 2254 bene
305 2197 492 2279 condepsito,
516 2216 604 2277 quam
628 2200 754 2257 maxime
777 2199 822 2257 uti
845 2197 957 2256 lentum
980 2197 1040 2255 fiat.
1076 2197 1175 2274 capito
1199 2195 1254 2254 tibi
1278 2198 1353 2256 scis·

205 2319 266 2360 sam
287 2302 415 2383 salicem,
434 2323 468 2363 ca
484 2307 607 2382 stirpem
622 2307 790 2382 praecisum
809 2302 1022 2384 circumligato,
1041 2322 1078 2362 ne
1097 2301 1173 2362 liber
1188 2303 1353 2381 frangatur.

279 2498 293 2545 ‘l
319 2509 369 2560 per
391 2510 439 2546 ver
460 2493 605 2559 Ponit,
623 2499 684 2547 111.
707 2499 758 2559 18,
776 2498 832 2549 243
924 2498 955 2545 11
976 2493 1035 2545 sine
1053 2496 1138 2547 vento
1157 2495 1253 2546 austro
1274 2493 1352 2548 Pon.

205 2585 328 2646 17,170

279 2746 290 2792 1
312 2757 430 2808 gypsum
455 2739 512 2794 VR
529 2739 641 2811 gipsum
660 2743 687 2796 A
777 2741 944 2796 2scarseris
963 2742 990 2795 A
1016 2729 1019 2733 ’
1080 2747 1096 2794 3
1115 2741 1200 2794 tertii
1224 2740 1251 2794 V
1266 2742 1354 2812 tertia

206 2828 308 2896 ch'et„
328 2829 416 2891 tercia
433 2830 506 2898 Aof
555 2830 725 2887 conmisceto
743 2833 761 2898 f
775 2832 955 2886 commisceto
975 2830 1041 2884 Vde
1059 2829 1255 2884 commisseelo
1270 2831 1299 2884 A

205 2923 222 2970 4
246 2918 360 2987 coquito
385 2917 442 2971 VR
470 2919 606 2988 quoquito
625 2921 652 2973 A
741 2920 771 2974 in
794 2920 936 3001 fornacem
960 2936 1023 2974 eum
1043 2918 1180 2972 conterito
1202 2919 1296 2972 PAR
1323 2919 1354 2974 in

206 3007 344 3063 fornacem
365 3009 538 3064 coutet-iton
609 3011 670 3064 tum
689 3009 825 3065 conterite
844 3010 939 3079 sicque
957 3008 1082 3063 inducito
1102 3008 1225 3076 Popma.
1235 3010 1356 3076 fortasse

205 3113 252 3152 eos
272 3098 409 3152 conterito
495 3097 560 3151 oin
578 3095 676 3150 uillam
701 3096 790 3150 VAR
875 3098 943 3165 quid
961 3096 1020 3149 fieri
1038 3096 1127 3165 possit
1145 3095 1173 3149 R
1197 3096 1274 3165 quod
1292 3099 1355 3152 fieri

205 3185 296 3253 possit
309 3186 336 3238 A
351 3185 419 3254 quid
437 3186 527 3254 possit
544 3186 605 3239 fieri
624 3185 650 3238 V
702 3184 891 3238 omunditias
906 3186 931 3236 A
937 3185 957 3250 f
965 3183 1121 3237 mundicias
1142 3184 1209 3238 Vbc
1262 3184 1355 3240 nichil

206 3274 232 3324 A
304 3272 409 3328 nichilo
428 3276 456 3327 A

277 3367 293 3414 8
312 3362 345 3417 R.
363 3361 464 3416 XLVII
482 3362 536 3415 Per
554 3376 603 3414 uer
621 3375 692 3426 quae
711 3359 867 3414 liantAPh
888 3359 960 3425 Quid
978 3359 1052 3414 ueris
1072 3362 1197 3431 tempore
1216 3363 1299 3417 ficto

206 3451 317 3506 scrobes
339 3451 411 3519 fieri,
438 3448 588 3504 seminaria
610 3449 760 3518 propagari
783 3449 897 3504 Plinius
913 3454 965 3515 18,
983 3453 1040 3504 243
1148 3450 1305 3506 9uitiariis
1330 3454 1357 3506 l'

175 3579 178 3583 .
205 3537 329 3593 uiciaciis
346 3535 571 3604 Aefininoriisb
645 3541 676 3588 11
692 3537 759 3591 luna
773 3537 885 3591 sitiente
902 3536 1016 3591 Plinius
1029 3543 1074 3604 17,
1088 3543 1143 3592 112
1216 3545 1249 3592 12
1268 3543 1354 3595 modo

205 3643 337 3696 comessor.
357 3627 385 3680 A
477 3629 510 3677 15
528 3625 690 3694 praeecuito
709 3627 876 3694 eViotorc'us,
895 3627 1039 3695 proacuito
1060 3628 1107 3681 Pb
1126 3632 1262 3698 proacuto
1282 3648 1353 3686 corr.

206 3716 320 3785 pocuito
339 3717 366 3769 A
385 3712 564 3783 peracuitoo
654 3715 769 3769 salicem
787 3716 835 3769 Ao
860 3731 972 3769 saucem
992 3715 1051 3768 PR
1070 3722 1095 3770 et
1112 3709 1195 3771 codex
1219 3718 1353 3774 Victorii.-

205 3805 240 3869 cf.
256 3820 344 3871 supro
357 3818 378 3858 c.
394 3807 431 3856 37
504 3809 536 3858 16
551 3804 672 3858 harenae
688 3803 746 3857 PR
759 3820 859 3859 arenae
873 3805 922 3858 Ao
994 3804 1140 3874 phulnlnm
1154 3807 1191 3860 bo
1205 3807 1352 3875 paulolnm

208 3892 286 3946 PAc
359 3898 391 3947 17
407 3892 587 3962 condeposito
606 3892 700 3946 PAR
718 3892 887 3948 condensato
901 3909 925 3946 o.
947 3894 990 3946 ‘ia
1009 3895 1132 3964 antiquis
1150 3895 1229 3948 tibris
1244 3893 1353 3951 Conde-

205 3981 311 4051 posito‚
329 3997 380 4037 ooo
396 3999 456 4036 amo
473 3998 487 4036 e
504 3983 591 4037 medio
609 3983 692 4036 uerbo
710 3983 820 4036 sublato
838 3982 918 4036 litera
937 3981 1120 4052 Condepsiho‚
1144 3985 1352 4052 coctionum.

205 4070 272 4127 Noa
289 4074 373 4128 multo
391 4073 473 4128 etiam
490 4078 564 4142 post,
589 4073 622 4143 [o.
642 4077 675 4125 41
695 4073 775 4143 eain]
794 4073 844 4126 ubi
861 4077 942 4126 anteo
960 4073 992 4127 in
1010 4073 1260 4127 omousio-monibus
1278 4091 1354 4129 men·

205 4163 267 4215 doce
280 4163 433 4230 proedicto,
452 4166 523 4216 erat:
542 4162 650 4231 depsto‚
669 4178 703 4215 ea
720 4162 815 4215 iisdem
829 4155 951 4230 antiquis
966 4162 1045 4216 libris
1058 4162 1237 4229 reposuimus’
1260 4162 1352 4219 Victo·

205 4251 266 4303 cios
355 4251 461 4304 lenium
479 4250 540 4304 AR
552 4251 636 4316 Viae,
654 4251 740 4304 letum
761 4250 789 4303 P
805 4249 931 4303 lutumo
1021 4251 1117 4305 sissam
1136 4252 1163 4303 A
1250 4257 1285 4306 18
1305 4255 1352 4324 ea]

206 4352 268 4390 eom
286 4338 314 4389 A
394 4339 550 4406 praecisum
570 4338 665 4392 PAR
682 4336 838 4408 praecisam
857 4353 873 4390 v
952 4338 1145 4408 circumligato
1163 4338 1224 4392 AR
1243 4340 1353 4395 circun-

206 4425 296 4494 ligato
315 4424 342 4478 V
