<?xml version="1.0" encoding="UTF-8"?>
<!DOCTYPE html PUBLIC "-//W3C//DTD XHTML 1.0 Transitional//EN"
    "http://www.w3.org/TR/xhtml1/DTD/xhtml1-transitional.dtd">
<html xmlns="http://www.w3.org/1999/xhtml" xml:lang="en" lang="en">
 <head>
  <title>
</title>
<meta http-equiv="Content-Type" content="text/html;charset=utf-8" />
  <meta name='ocr-system' content='tesseract 3.04.00' />
  <meta name='ocr-capabilities' content='ocr_page ocr_carea ocr_par ocr_line ocrx_word'/>
</head>
<body>
  <div class='ocr_page' id='page_1' title='image "./mporcicatonisde01keilgoog_0139.png"; bbox 0 0 3000 5026; ppageno 0'>
   <div class='ocr_carea' id='block_1_1' title="bbox 120 270 830 368">
    <p class='ocr_par' dir='ltr' id='par_1_1' title="bbox 120 270 830 368">
     <span class='ocr_line' id='line_1_1' title="bbox 120 270 830 368; baseline 0.003 -10"><span class='ocrx_word' id='word_1_1' title='bbox 120 270 123 276; x_wconf 68' lang='grc'><strong>’</strong></span> <span class='ocrx_word' id='word_1_2' title='bbox 152 306 218 368; x_wconf 86' lang='lat'><strong>114</strong></span> <span class='ocrx_word' id='word_1_3' title='bbox 644 303 830 360; x_wconf 75' lang='lat' dir='ltr'><strong>vannonrs</strong></span> 
     </span>
    </p>
   </div>
   <div class='ocr_carea' id='block_1_2' title="bbox 145 470 1252 2901">
    <p class='ocr_par' dir='ltr' id='par_1_2' title="bbox 152 470 1007 551">
     <span class='ocr_line' id='line_1_2' title="bbox 152 470 1007 551; baseline -0.001 -19"><span class='ocrx_word' id='word_1_4' title='bbox 152 472 230 542; x_wconf 81' lang='lat' dir='ltr'><strong>Quot</strong></span> <span class='ocrx_word' id='word_1_5' title='bbox 253 474 331 550; x_wconf 85' lang='lat' dir='ltr'><strong>iugis</strong></span> <span class='ocrx_word' id='word_1_6' title='bbox 354 470 443 531; x_wconf 92' lang='lat' dir='ltr'><strong>boum</strong></span> <span class='ocrx_word' id='word_1_7' title='bbox 468 473 594 551; x_wconf 90' lang='lat' dir='ltr'><strong>quisque</strong></span> <span class='ocrx_word' id='word_1_8' title='bbox 618 475 682 551; x_wconf 85' lang='lat' dir='ltr'><strong>agri</strong></span> <span class='ocrx_word' id='word_1_9' title='bbox 704 473 810 532; x_wconf 92' lang='lat' dir='ltr'><strong>modus</strong></span> <span class='ocrx_word' id='word_1_10' title='bbox 834 472 890 533; x_wconf 94' lang='lat' dir='ltr'><strong>coli</strong></span> <span class='ocrx_word' id='word_1_11' title='bbox 913 475 1007 551; x_wconf 82' lang='lat' dir='ltr'><strong>possit</strong></span> 
     </span>
    </p>

    <p class='ocr_par' dir='ltr' id='par_1_3' title="bbox 151 578 315 639">
     <span class='ocr_line' id='line_1_3' title="bbox 151 578 315 639; baseline -0.006 0"><span class='ocrx_word' id='word_1_12' title='bbox 151 579 193 639; x_wconf 89' lang='lat' dir='ltr'><strong>De</strong></span> <span class='ocrx_word' id='word_1_13' title='bbox 217 578 315 639; x_wconf 90' lang='lat' dir='ltr'>bubus</span> 
     </span>
    </p>

    <p class='ocr_par' dir='ltr' id='par_1_4' title="bbox 151 685 340 745">
     <span class='ocr_line' id='line_1_4' title="bbox 151 685 340 745; baseline 0 0"><span class='ocrx_word' id='word_1_14' title='bbox 151 686 192 745; x_wconf 90' lang='lat' dir='ltr'><strong>De</strong></span> <span class='ocrx_word' id='word_1_15' title='bbox 217 685 340 745; x_wconf 91' lang='lat' dir='ltr'><strong>canibus</strong></span> 
     </span>
    </p>

    <p class='ocr_par' dir='ltr' id='par_1_5' title="bbox 152 792 1201 872">
     <span class='ocr_line' id='line_1_5' title="bbox 152 792 1201 872; baseline 0.002 -20"><span class='ocrx_word' id='word_1_16' title='bbox 152 792 184 871; x_wconf 81' lang='lat' dir='ltr'><strong>Si</strong></span> <span class='ocrx_word' id='word_1_17' title='bbox 206 801 290 872; x_wconf 87' lang='lat' dir='ltr'><strong>prata</strong></span> <span class='ocrx_word' id='word_1_18' title='bbox 314 799 383 854; x_wconf 91' lang='lat' dir='ltr'><strong>suut</strong></span> <span class='ocrx_word' id='word_1_19' title='bbox 406 794 437 851; x_wconf 92' lang='lat' dir='ltr'><strong>iu</strong></span> <span class='ocrx_word' id='word_1_20' title='bbox 462 792 567 872; x_wconf 85' lang='lat' dir='ltr'><strong>londo,</strong></span> <span class='ocrx_word' id='word_1_21' title='bbox 591 810 684 870; x_wconf 90' lang='lat' dir='ltr'><strong>pecus</strong></span> <span class='ocrx_word' id='word_1_22' title='bbox 708 810 767 851; x_wconf 90' lang='lat' dir='ltr'><strong>uon</strong></span> <span class='ocrx_word' id='word_1_23' title='bbox 792 800 850 872; x_wconf 88' lang='lat' dir='ltr'><strong>cst,</strong></span> <span class='ocrx_word' id='word_1_24' title='bbox 874 793 945 870; x_wconf 80' lang='lat' dir='ltr'><strong>qtrid</strong></span> <span class='ocrx_word' id='word_1_25' title='bbox 970 794 1008 851; x_wconf 90' lang='lat' dir='ltr'><strong>sit</strong></span> <span class='ocrx_word' id='word_1_26' title='bbox 1032 793 1201 854; x_wconf 87' lang='lat' dir='ltr'><strong>laciendum</strong></span> 
     </span>
    </p>

    <p class='ocr_par' dir='ltr' id='par_1_6' title="bbox 150 900 518 960">
     <span class='ocr_line' id='line_1_6' title="bbox 150 900 518 960; baseline -0.008 0"><span class='ocrx_word' id='word_1_27' title='bbox 150 900 191 960; x_wconf 89' lang='lat' dir='ltr'><strong>De</strong></span> <span class='ocrx_word' id='word_1_28' title='bbox 216 907 297 959; x_wconf 91' lang='lat' dir='ltr'><strong>muto</strong></span> <span class='ocrx_word' id='word_1_29' title='bbox 320 901 518 958; x_wconf 91' lang='lat' dir='ltr'><strong>instrumento</strong></span> 
     </span>
    </p>

    <p class='ocr_par' dir='ltr' id='par_1_7' title="bbox 149 1005 1045 1084">
     <span class='ocr_line' id='line_1_7' title="bbox 149 1005 1045 1084; baseline 0 -19"><span class='ocrx_word' id='word_1_30' title='bbox 149 1005 231 1076; x_wconf 78' lang='lat' dir='ltr'><strong>Quae</strong></span> <span class='ocrx_word' id='word_1_31' title='bbox 255 1014 285 1065; x_wconf 91' lang='lat' dir='ltr'><strong>et</strong></span> <span class='ocrx_word' id='word_1_32' title='bbox 308 1024 367 1083; x_wconf 84' lang='lat' dir='ltr'><strong>quo</strong></span> <span class='ocrx_word' id='word_1_33' title='bbox 393 1006 523 1084; x_wconf 85' lang='lat' dir='ltr'><strong>quidque</strong></span> <span class='ocrx_word' id='word_1_34' title='bbox 547 1005 611 1065; x_wconf 95' lang='lat' dir='ltr'><strong>loco</strong></span> <span class='ocrx_word' id='word_1_35' title='bbox 636 1009 761 1066; x_wconf 84' lang='lat' dir='ltr'>maxime</span> <span class='ocrx_word' id='word_1_36' title='bbox 785 1005 921 1083; x_wconf 87' lang='lat' dir='ltr'><strong>expediat</strong></span> <span class='ocrx_word' id='word_1_37' title='bbox 945 1024 1045 1066; x_wconf 82' lang='lat' dir='ltr'><strong>serere</strong></span> 
     </span>
    </p>

    <p class='ocr_par' dir='ltr' id='par_1_8' title="bbox 150 1097 1131 1191">
     <span class='ocr_line' id='line_1_8' title="bbox 150 1097 1131 1191; baseline 0.002 -19"><span class='ocrx_word' id='word_1_38' title='bbox 150 1112 220 1172; x_wconf 87' lang='lat' dir='ltr'><strong>Olea</strong></span> <span class='ocrx_word' id='word_1_39' title='bbox 243 1114 274 1172; x_wconf 93' lang='lat' dir='ltr'><strong>iu</strong></span> <span class='ocrx_word' id='word_1_40' title='bbox 299 1112 378 1191; x_wconf 91' lang='lat' dir='ltr'><strong>quali</strong></span> <span class='ocrx_word' id='word_1_41' title='bbox 401 1131 471 1191; x_wconf 84' lang='lat' dir='ltr'><strong>agro</strong></span> <span class='ocrx_word' id='word_1_42' title='bbox 496 1113 620 1173; x_wconf 90' lang='lat' dir='ltr'><strong>serenda</strong></span> <span class='ocrx_word' id='word_1_43' title='bbox 645 1114 683 1173; x_wconf 89' lang='lat' dir='ltr'><strong>sit</strong></span> <span class='ocrx_word' id='word_1_44' title='bbox 1128 1097 1131 1103; x_wconf 31' lang='lat'>³</span> 
     </span>
    </p>

    <p class='ocr_par' dir='ltr' id='par_1_9' title="bbox 150 1219 684 1299">
     <span class='ocr_line' id='line_1_9' title="bbox 150 1219 684 1299; baseline 0 -21"><span class='ocrx_word' id='word_1_45' title='bbox 150 1219 240 1280; x_wconf 90' lang='lat' dir='ltr'><strong>Vinea</strong></span> <span class='ocrx_word' id='word_1_46' title='bbox 263 1223 294 1279; x_wconf 93' lang='lat' dir='ltr'><strong>iu</strong></span> <span class='ocrx_word' id='word_1_47' title='bbox 318 1239 376 1299; x_wconf 90' lang='lat' dir='ltr'><strong>quo</strong></span> <span class='ocrx_word' id='word_1_48' title='bbox 401 1238 471 1298; x_wconf 87' lang='lat' dir='ltr'><strong>agro</strong></span> <span class='ocrx_word' id='word_1_49' title='bbox 495 1220 622 1280; x_wconf 89' lang='lat' dir='ltr'><strong>serenda</strong></span> <span class='ocrx_word' id='word_1_50' title='bbox 646 1222 684 1279; x_wconf 91' lang='lat' dir='ltr'><strong>sit</strong></span> 
     </span>
    </p>

    <p class='ocr_par' dir='ltr' id='par_1_10' title="bbox 150 1312 823 1406">
     <span class='ocr_line' id='line_1_10' title="bbox 150 1312 823 1406; baseline 0.001 -20"><span class='ocrx_word' id='word_1_51' title='bbox 150 1327 214 1397; x_wconf 84' lang='lat' dir='ltr'><strong>Quo</strong></span> <span class='ocrx_word' id='word_1_52' title='bbox 238 1326 302 1386; x_wconf 94' lang='lat' dir='ltr'><strong>loco</strong></span> <span class='ocrx_word' id='word_1_53' title='bbox 327 1328 437 1386; x_wconf 85' lang='lat' dir='ltr'><strong>ridicae</strong></span> <span class='ocrx_word' id='word_1_54' title='bbox 460 1329 491 1406; x_wconf 80' lang='lat' dir='ltr'><strong>in</strong></span> <span class='ocrx_word' id='word_1_55' title='bbox 515 1330 599 1386; x_wconf 90' lang='lat' dir='ltr'><strong>vinea</strong></span> <span class='ocrx_word' id='word_1_56' title='bbox 622 1327 673 1404; x_wconf 86' lang='lat' dir='ltr'><strong>ligi</strong></span> <span class='ocrx_word' id='word_1_57' title='bbox 697 1312 823 1387; x_wconf 78' lang='lat' dir='ltr'><strong>delleaut</strong></span> 
     </span>
    </p>

    <p class='ocr_par' dir='ltr' id='par_1_11' title="bbox 148 1432 1243 1620">
     <span class='ocr_line' id='line_1_11' title="bbox 148 1432 1243 1512; baseline 0.002 -18"><span class='ocrx_word' id='word_1_58' title='bbox 148 1434 189 1494; x_wconf 89' lang='lat' dir='ltr'><strong>De</strong></span> <span class='ocrx_word' id='word_1_59' title='bbox 219 1435 290 1494; x_wconf 89' lang='lat' dir='ltr'><strong>solis</strong></span> <span class='ocrx_word' id='word_1_60' title='bbox 318 1451 408 1494; x_wconf 90' lang='lat' dir='ltr'><strong>cursu</strong></span> <span class='ocrx_word' id='word_1_61' title='bbox 434 1432 491 1510; x_wconf 89' lang='lat' dir='ltr'><strong>[in]</strong></span> <span class='ocrx_word' id='word_1_62' title='bbox 517 1434 659 1511; x_wconf 91' lang='lat' dir='ltr'><strong>discripto</strong></span> <span class='ocrx_word' id='word_1_63' title='bbox 683 1435 714 1493; x_wconf 94' lang='lat' dir='ltr'><strong>in</strong></span> <span class='ocrx_word' id='word_1_64' title='bbox 737 1441 838 1512; x_wconf 86' lang='lat' dir='ltr'><strong>partes</strong></span> <span class='ocrx_word' id='word_1_65' title='bbox 859 1433 931 1493; x_wconf 76' lang='lat' dir='ltr'><strong>anni</strong></span> <span class='ocrx_word' id='word_1_66' title='bbox 955 1441 1096 1512; x_wconf 86' lang='lat' dir='ltr'><strong>quattuor</strong></span> <span class='ocrx_word' id='word_1_67' title='bbox 1119 1444 1149 1494; x_wconf 90' lang='lat' dir='ltr'><strong>et</strong></span> <span class='ocrx_word' id='word_1_68' title='bbox 1173 1444 1243 1496; x_wconf 88' lang='lat' dir='ltr'><strong>octo</strong></span> 
     </span>
     <span class='ocr_line' id='line_1_12' title="bbox 238 1539 1081 1620; baseline -0.002 -18"><span class='ocrx_word' id='word_1_69' title='bbox 238 1542 273 1601; x_wconf 91' lang='lat' dir='ltr'><strong>de</strong></span> <span class='ocrx_word' id='word_1_70' title='bbox 299 1544 342 1602; x_wconf 90' lang='lat' dir='ltr'><strong>eis</strong></span> <span class='ocrx_word' id='word_1_71' title='bbox 365 1560 445 1616; x_wconf 82' lang='lat' dir='ltr'><strong>poce</strong></span> <span class='ocrx_word' id='word_1_72' title='bbox 468 1559 585 1620; x_wconf 85' lang='lat' dir='ltr'><strong>quaque</strong></span> <span class='ocrx_word' id='word_1_73' title='bbox 609 1549 692 1618; x_wconf 87' lang='lat' dir='ltr'><strong>parte</strong></span> <span class='ocrx_word' id='word_1_74' title='bbox 716 1543 747 1600; x_wconf 92' lang='lat' dir='ltr'><strong>iu</strong></span> <span class='ocrx_word' id='word_1_75' title='bbox 771 1558 841 1618; x_wconf 83' lang='lat' dir='ltr'><strong>agro</strong></span> <span class='ocrx_word' id='word_1_76' title='bbox 866 1539 992 1600; x_wconf 89' lang='lat' dir='ltr'><strong>debeant</strong></span> <span class='ocrx_word' id='word_1_77' title='bbox 1015 1541 1081 1600; x_wconf 86' lang='lat' dir='ltr'><strong>fieri</strong></span> 
     </span>
    </p>

    <p class='ocr_par' dir='ltr' id='par_1_12' title="bbox 148 1647 1252 1832">
     <span class='ocr_line' id='line_1_13' title="bbox 148 1647 1252 1727; baseline 0.004 -21"><span class='ocrx_word' id='word_1_78' title='bbox 148 1647 300 1717; x_wconf 87' lang='lat' dir='ltr'><strong>Quotenos</strong></span> <span class='ocrx_word' id='word_1_79' title='bbox 324 1648 387 1708; x_wconf 91' lang='lat' dir='ltr'><strong>dies</strong></span> <span class='ocrx_word' id='word_1_80' title='bbox 411 1647 517 1707; x_wconf 89' lang='lat' dir='ltr'><strong>habeat</strong></span> <span class='ocrx_word' id='word_1_81' title='bbox 541 1647 680 1726; x_wconf 84' lang='lat' dir='ltr'><strong>quodque</strong></span> <span class='ocrx_word' id='word_1_82' title='bbox 703 1653 822 1725; x_wconf 89' lang='lat' dir='ltr'><strong>tempus</strong></span> <span class='ocrx_word' id='word_1_83' title='bbox 846 1649 915 1707; x_wconf 89' lang='lat' dir='ltr'><strong>anni</strong></span> <span class='ocrx_word' id='word_1_84' title='bbox 938 1648 1075 1726; x_wconf 83' lang='lat' dir='ltr'><strong>discripti</strong></span> <span class='ocrx_word' id='word_1_85' title='bbox 1097 1649 1128 1707; x_wconf 92' lang='lat' dir='ltr'><strong>iu</strong></span> <span class='ocrx_word' id='word_1_86' title='bbox 1153 1656 1252 1727; x_wconf 83' lang='lat' dir='ltr'><strong>quatti</strong></span> 
     </span>
     <span class='ocr_line' id='line_1_14' title="bbox 236 1764 400 1832; baseline -0.006 -18"><span class='ocrx_word' id='word_1_87' title='bbox 236 1764 335 1832; x_wconf 91' lang='lat' dir='ltr'><strong>partes</strong></span> <span class='ocrx_word' id='word_1_88' title='bbox 399 1771 400 1774; x_wconf 69' lang='grc'>’</span> 
     </span>
    </p>

    <p class='ocr_par' dir='ltr' id='par_1_13' title="bbox 147 1858 1252 2047">
     <span class='ocr_line' id='line_1_15' title="bbox 147 1858 1252 1941; baseline 0.005 -22"><span class='ocrx_word' id='word_1_89' title='bbox 147 1861 247 1921; x_wconf 91' lang='lat' dir='ltr'><strong>Primo</strong></span> <span class='ocrx_word' id='word_1_90' title='bbox 279 1860 432 1922; x_wconf 86' lang='lat' dir='ltr'><strong>intervallo</strong></span> <span class='ocrx_word' id='word_1_91' title='bbox 465 1858 543 1920; x_wconf 89' lang='lat' dir='ltr'><strong>inter</strong></span> <span class='ocrx_word' id='word_1_92' title='bbox 576 1860 725 1921; x_wconf 86' lang='lat' dir='ltr'><strong>favonium</strong></span> <span class='ocrx_word' id='word_1_93' title='bbox 758 1868 787 1920; x_wconf 91' lang='lat' dir='ltr'><strong>et</strong></span> <span class='ocrx_word' id='word_1_94' title='bbox 816 1863 1037 1940; x_wconf 80' lang='lat' dir='ltr'><strong>aequinoctium</strong></span> <span class='ocrx_word' id='word_1_95' title='bbox 1064 1880 1191 1921; x_wconf 86' lang='lat' dir='ltr'><strong>vernum</strong></span> <span class='ocrx_word' id='word_1_96' title='bbox 1220 1882 1252 1941; x_wconf 83' lang='lat' dir='ltr'><strong>qi</strong></span> 
     </span>
     <span class='ocr_line' id='line_1_16' title="bbox 235 1969 459 2047; baseline -0.004 -20"><span class='ocrx_word' id='word_1_97' title='bbox 235 1969 302 2028; x_wconf 85' lang='lat' dir='ltr'><strong>lieri</strong></span> <span class='ocrx_word' id='word_1_98' title='bbox 324 1975 459 2047; x_wconf 89' lang='lat' dir='ltr'><strong>oporteat</strong></span> 
     </span>
    </p>

    <p class='ocr_par' dir='ltr' id='par_1_14' title="bbox 148 2075 1252 2368">
     <span class='ocr_line' id='line_1_17' title="bbox 148 2075 1252 2157; baseline 0.001 -22"><span class='ocrx_word' id='word_1_99' title='bbox 148 2076 284 2138; x_wconf 90' lang='lat' dir='ltr'><strong>Secundo</strong></span> <span class='ocrx_word' id='word_1_100' title='bbox 308 2075 461 2137; x_wconf 88' lang='lat' dir='ltr'><strong>intervallo</strong></span> <span class='ocrx_word' id='word_1_101' title='bbox 485 2077 564 2134; x_wconf 90' lang='lat' dir='ltr'><strong>inter</strong></span> <span class='ocrx_word' id='word_1_102' title='bbox 588 2093 711 2134; x_wconf 90' lang='lat' dir='ltr'><strong>vernum</strong></span> <span class='ocrx_word' id='word_1_103' title='bbox 730 2077 959 2157; x_wconf 83' lang='lat' dir='ltr'><strong>aequinoctium,</strong></span> <span class='ocrx_word' id='word_1_104' title='bbox 984 2077 1062 2156; x_wconf 84' lang='lat' dir='ltr'><strong>qnod</strong></span> <span class='ocrx_word' id='word_1_105' title='bbox 1082 2087 1126 2137; x_wconf 89' lang='lat' dir='ltr'><strong>est</strong></span> <span class='ocrx_word' id='word_1_106' title='bbox 1147 2076 1213 2136; x_wconf 93' lang='lat' dir='ltr'><strong>Vlll</strong></span> <span class='ocrx_word' id='word_1_107' title='bbox 1234 2077 1252 2136; x_wconf 88' lang='lat' dir='ltr'><strong>ll</strong></span> 
     </span>
     <span class='ocr_line' id='line_1_18' title="bbox 234 2181 1252 2263; baseline 0.001 -20"><span class='ocrx_word' id='word_1_108' title='bbox 234 2183 360 2263; x_wconf 78' lang='lat' dir='ltr'><strong>AprileS,</strong></span> <span class='ocrx_word' id='word_1_109' title='bbox 384 2189 413 2243; x_wconf 87' lang='lat' dir='ltr'><strong>et</strong></span> <span class='ocrx_word' id='word_1_110' title='bbox 436 2181 625 2260; x_wconf 83' lang='lat' dir='ltr'><strong>vergiliarum</strong></span> <span class='ocrx_word' id='word_1_111' title='bbox 649 2190 793 2262; x_wconf 86' lang='lat' dir='ltr'><strong>exortum,</strong></span> <span class='ocrx_word' id='word_1_112' title='bbox 818 2185 868 2261; x_wconf 94' lang='lat' dir='ltr'><strong>qui</strong></span> <span class='ocrx_word' id='word_1_113' title='bbox 888 2189 933 2242; x_wconf 88' lang='lat' dir='ltr'><strong>est</strong></span> <span class='ocrx_word' id='word_1_114' title='bbox 953 2181 988 2242; x_wconf 93' lang='lat' dir='ltr'><strong>Vl</strong></span> <span class='ocrx_word' id='word_1_115' title='bbox 1007 2184 1074 2243; x_wconf 94' lang='lat' dir='ltr'><strong>idus</strong></span> <span class='ocrx_word' id='word_1_116' title='bbox 1093 2184 1194 2263; x_wconf 80' lang='lat' dir='ltr'><strong>MaiaS,</strong></span> <span class='ocrx_word' id='word_1_117' title='bbox 1220 2203 1252 2263; x_wconf 81' lang='lat' dir='ltr'><strong>qv</strong></span> 
     </span>
     <span class='ocr_line' id='line_1_19' title="bbox 212 2290 459 2368; baseline -0.004 -20"><span class='ocrx_word' id='word_1_118' title='bbox 212 2290 301 2368; x_wconf 9' lang='lat' dir='ltr'><strong>*fieri</strong></span> <span class='ocrx_word' id='word_1_119' title='bbox 324 2296 459 2367; x_wconf 87' lang='lat' dir='ltr'><strong>oporteat</strong></span> 
     </span>
    </p>

    <p class='ocr_par' dir='ltr' id='par_1_15' title="bbox 146 2394 1252 2583">
     <span class='ocr_line' id='line_1_20' title="bbox 146 2394 1252 2477; baseline 0.003 -24"><span class='ocrx_word' id='word_1_120' title='bbox 146 2394 247 2455; x_wconf 86' lang='lat' dir='ltr'><strong>Tertio</strong></span> <span class='ocrx_word' id='word_1_121' title='bbox 267 2394 420 2455; x_wconf 91' lang='lat' dir='ltr'><strong>intervallo</strong></span> <span class='ocrx_word' id='word_1_122' title='bbox 440 2397 519 2455; x_wconf 88' lang='lat' dir='ltr'><strong>inter</strong></span> <span class='ocrx_word' id='word_1_123' title='bbox 538 2394 725 2472; x_wconf 83' lang='lat' dir='ltr'><strong>vergiliarum</strong></span> <span class='ocrx_word' id='word_1_124' title='bbox 746 2404 892 2477; x_wconf 83' lang='lat' dir='ltr'><strong>exortum,</strong></span> <span class='ocrx_word' id='word_1_125' title='bbox 917 2399 968 2475; x_wconf 91' lang='lat' dir='ltr'><strong>qui</strong></span> <span class='ocrx_word' id='word_1_126' title='bbox 987 2405 1032 2457; x_wconf 90' lang='lat' dir='ltr'><strong>est</strong></span> <span class='ocrx_word' id='word_1_127' title='bbox 1051 2395 1088 2455; x_wconf 92' lang='lat' dir='ltr'><strong>Vl</strong></span> <span class='ocrx_word' id='word_1_128' title='bbox 1106 2397 1175 2457; x_wconf 90' lang='lat' dir='ltr'><strong>idus</strong></span> <span class='ocrx_word' id='word_1_129' title='bbox 1195 2396 1252 2457; x_wconf 92' lang='lat' dir='ltr'><strong>Mai</strong></span> 
     </span>
     <span class='ocr_line' id='line_1_21' title="bbox 235 2500 1252 2583; baseline -0.003 -23"><span class='ocrx_word' id='word_1_130' title='bbox 235 2508 265 2561; x_wconf 93' lang='lat' dir='ltr'><strong>et</strong></span> <span class='ocrx_word' id='word_1_131' title='bbox 292 2500 465 2582; x_wconf 81' lang='lat' dir='ltr'><strong>solstitium,</strong></span> <span class='ocrx_word' id='word_1_132' title='bbox 494 2501 572 2579; x_wconf 92' lang='lat' dir='ltr'><strong>quod</strong></span> <span class='ocrx_word' id='word_1_133' title='bbox 601 2511 647 2562; x_wconf 91' lang='lat' dir='ltr'><strong>est</strong></span> <span class='ocrx_word' id='word_1_134' title='bbox 676 2501 711 2561; x_wconf 94' lang='lat' dir='ltr'><strong>Vl</strong></span> <span class='ocrx_word' id='word_1_135' title='bbox 737 2501 798 2562; x_wconf 88' lang='lat' dir='ltr'><strong>llal.</strong></span> <span class='ocrx_word' id='word_1_136' title='bbox 827 2503 929 2583; x_wconf 76' lang='lat' dir='ltr'><strong>luliaS,</strong></span> <span class='ocrx_word' id='word_1_137' title='bbox 959 2521 1034 2583; x_wconf 80' lang='lat' dir='ltr'><strong>quae</strong></span> <span class='ocrx_word' id='word_1_138' title='bbox 1062 2503 1128 2562; x_wconf 87' lang='lat' dir='ltr'><strong>fieri</strong></span> <span class='ocrx_word' id='word_1_139' title='bbox 1157 2512 1252 2582; x_wconf 59' lang='lat' dir='ltr'><strong>oporto</strong></span> 
     </span>
    </p>

    <p class='ocr_par' dir='ltr' id='par_1_16' title="bbox 145 2607 450 2668">
     <span class='ocr_line' id='line_1_22' title="bbox 145 2607 450 2668; baseline 0 -1"><span class='ocrx_word' id='word_1_140' title='bbox 145 2608 187 2667; x_wconf 90' lang='lat' dir='ltr'><strong>De</strong></span> <span class='ocrx_word' id='word_1_141' title='bbox 211 2609 304 2667; x_wconf 90' lang='lat' dir='ltr'><strong>vineis</strong></span> <span class='ocrx_word' id='word_1_142' title='bbox 327 2607 450 2668; x_wconf 87' lang='lat' dir='ltr'><strong>novellis</strong></span> 
     </span>
    </p>

    <p class='ocr_par' dir='ltr' id='par_1_17' title="bbox 145 2715 428 2794">
     <span class='ocr_line' id='line_1_23' title="bbox 145 2715 428 2794; baseline 0 -20"><span class='ocrx_word' id='word_1_143' title='bbox 145 2715 186 2775; x_wconf 89' lang='lat' dir='ltr'><strong>De</strong></span> <span class='ocrx_word' id='word_1_144' title='bbox 209 2717 428 2794; x_wconf 89' lang='lat' dir='ltr'><strong>pampinatione</strong></span> 
     </span>
    </p>

    <p class='ocr_par' dir='ltr' id='par_1_18' title="bbox 145 2821 624 2901">
     <span class='ocr_line' id='line_1_24' title="bbox 145 2821 624 2901; baseline 0 -19"><span class='ocrx_word' id='word_1_145' title='bbox 145 2821 247 2891; x_wconf 87' lang='lat' dir='ltr'><strong>Qualis</strong></span> <span class='ocrx_word' id='word_1_146' title='bbox 270 2825 309 2882; x_wconf 84' lang='lat' dir='ltr'><strong>sit</strong></span> <span class='ocrx_word' id='word_1_147' title='bbox 331 2822 487 2901; x_wconf 88' lang='lat' dir='ltr'><strong>capreolus</strong></span> <span class='ocrx_word' id='word_1_148' title='bbox 510 2823 542 2882; x_wconf 94' lang='lat' dir='ltr'><strong>iu</strong></span> <span class='ocrx_word' id='word_1_149' title='bbox 565 2824 624 2882; x_wconf 90' lang='lat' dir='ltr'><strong>vite</strong></span> 
     </span>
    </p>
   </div>
   <div class='ocr_carea' id='block_1_3' title="bbox 83 3029 1252 4525">
    <p class='ocr_par' dir='ltr' id='par_1_19' title="bbox 83 3029 1252 4525">
     <span class='ocr_line' id='line_1_25' title="bbox 216 3029 1251 3100; baseline 0.003 -16"><span class='ocrx_word' id='word_1_150' title='bbox 216 3037 230 3084; x_wconf 93' lang='lat'>1</span> <span class='ocrx_word' id='word_1_151' title='bbox 261 3029 335 3095; x_wconf 80' lang='lat' dir='ltr'><strong>Quot</strong></span> <span class='ocrx_word' id='word_1_152' title='bbox 357 3029 438 3084; x_wconf 87' lang='lat' dir='ltr'><strong>ABo</strong></span> <span class='ocrx_word' id='word_1_153' title='bbox 467 3029 548 3095; x_wconf 79' lang='lat' dir='ltr'><strong>Quod</strong></span> <span class='ocrx_word' id='word_1_154' title='bbox 570 3029 599 3083; x_wconf 90' lang='lat' dir='ltr'><em>P</em></span> <span class='ocrx_word' id='word_1_155' title='bbox 672 3037 687 3084; x_wconf 82' lang='lat' dir='ltr'><strong>&#39;t</strong></span> <span class='ocrx_word' id='word_1_156' title='bbox 716 3031 834 3086; x_wconf 85' lang='lat' dir='ltr'><strong>serenda</strong></span> <span class='ocrx_word' id='word_1_157' title='bbox 858 3033 952 3100; x_wconf 81' lang='lat' dir='ltr'><strong>priore</strong></span> <span class='ocrx_word' id='word_1_158' title='bbox 980 3032 1036 3086; x_wconf 89' lang='lat' dir='ltr'><strong>loco</strong></span> <span class='ocrx_word' id='word_1_159' title='bbox 1060 3032 1120 3085; x_wconf 87' lang='lat' dir='ltr'><strong>AB</strong></span> <span class='ocrx_word' id='word_1_160' title='bbox 1153 3031 1251 3087; x_wconf 78' lang='lat' dir='ltr'><strong>Victor</strong></span> 
     </span>
     <span class='ocr_line' id='line_1_26' title="bbox 144 3118 1252 3187; baseline 0.004 -15"><span class='ocrx_word' id='word_1_161' title='bbox 144 3120 263 3173; x_wconf 75' lang='lat' dir='ltr'><strong>serundo</strong></span> <span class='ocrx_word' id='word_1_162' title='bbox 283 3118 310 3171; x_wconf 90' lang='lat' dir='ltr'><strong><em>V</em></strong></span> <span class='ocrx_word' id='word_1_163' title='bbox 379 3118 532 3174; x_wconf 84' lang='lat' dir='ltr'><strong>8serenda</strong></span> <span class='ocrx_word' id='word_1_164' title='bbox 548 3120 697 3187; x_wconf 81' lang='lat' dir='ltr'><strong>posteriorc</strong></span> <span class='ocrx_word' id='word_1_165' title='bbox 715 3120 772 3172; x_wconf 89' lang='lat' dir='ltr'><strong>loco</strong></span> <span class='ocrx_word' id='word_1_166' title='bbox 787 3119 879 3172; x_wconf 91' lang='lat' dir='ltr'><strong>PAB</strong></span> <span class='ocrx_word' id='word_1_167' title='bbox 893 3121 1039 3174; x_wconf 85' lang='lat' dir='ltr'><strong>serundao</strong></span> <span class='ocrx_word' id='word_1_168' title='bbox 1113 3125 1147 3173; x_wconf 90' lang='lat'><strong>10</strong></span> <span class='ocrx_word' id='word_1_169' title='bbox 1167 3121 1211 3175; x_wconf 90' lang='lat' dir='ltr'><strong>De</strong></span> <span class='ocrx_word' id='word_1_170' title='bbox 1226 3139 1252 3176; x_wconf 81' lang='lat' dir='ltr'><strong>sc</strong></span> 
     </span>
     <span class='ocr_line' id='line_1_27' title="bbox 144 3204 1252 3279; baseline 0.003 -17"><span class='ocrx_word' id='word_1_171' title='bbox 144 3225 225 3262; x_wconf 89' lang='lat' dir='ltr'><strong>cursu</strong></span> <span class='ocrx_word' id='word_1_172' title='bbox 253 3207 424 3276; x_wconf 86' lang='lat' dir='ltr'><strong>indescripto</strong></span> <span class='ocrx_word' id='word_1_173' title='bbox 451 3207 482 3260; x_wconf 89' lang='lat' dir='ltr'><strong>iu</strong></span> <span class='ocrx_word' id='word_1_174' title='bbox 505 3209 599 3275; x_wconf 85' lang='lat' dir='ltr'><strong>partes</strong></span> <span class='ocrx_word' id='word_1_175' title='bbox 623 3204 689 3259; x_wconf 89' lang='lat' dir='ltr'><strong>anni</strong></span> <span class='ocrx_word' id='word_1_176' title='bbox 712 3209 844 3273; x_wconf 88' lang='lat' dir='ltr'><strong>quattuor</strong></span> <span class='ocrx_word' id='word_1_177' title='bbox 867 3211 896 3262; x_wconf 90' lang='lat' dir='ltr'><strong>et</strong></span> <span class='ocrx_word' id='word_1_178' title='bbox 918 3212 982 3263; x_wconf 88' lang='lat' dir='ltr'><strong>octo</strong></span> <span class='ocrx_word' id='word_1_179' title='bbox 1007 3211 1092 3264; x_wconf 85' lang='lat' dir='ltr'><strong>etde</strong></span> <span class='ocrx_word' id='word_1_180' title='bbox 1116 3209 1157 3263; x_wconf 78' lang='lat' dir='ltr'><strong>eis</strong></span> <span class='ocrx_word' id='word_1_181' title='bbox 1181 3228 1252 3279; x_wconf 77' lang='lat' dir='ltr'><strong>quac</strong></span> 
     </span>
     <span class='ocr_line' id='line_1_28' title="bbox 83 3292 1252 3370; baseline 0.003 -20"><span class='ocrx_word' id='word_1_182' title='bbox 83 3292 86 3297; x_wconf 74' lang='grc'><strong>’</strong></span> <span class='ocrx_word' id='word_1_183' title='bbox 143 3299 223 3366; x_wconf 86' lang='lat' dir='ltr'><strong>parte</strong></span> <span class='ocrx_word' id='word_1_184' title='bbox 246 3296 276 3350; x_wconf 90' lang='lat' dir='ltr'><strong>in</strong></span> <span class='ocrx_word' id='word_1_185' title='bbox 298 3313 366 3366; x_wconf 83' lang='lat' dir='ltr'><strong>agro</strong></span> <span class='ocrx_word' id='word_1_186' title='bbox 390 3296 493 3349; x_wconf 87' lang='lat' dir='ltr'><strong>debeat</strong></span> <span class='ocrx_word' id='word_1_187' title='bbox 515 3295 576 3348; x_wconf 89' lang='lat' dir='ltr'><strong>fieri</strong></span> <span class='ocrx_word' id='word_1_188' title='bbox 595 3294 685 3348; x_wconf 86' lang='lat' dir='ltr'><strong>PAR</strong></span> <span class='ocrx_word' id='word_1_189' title='bbox 704 3295 778 3360; x_wconf 80' lang='lat' dir='ltr'><strong>Quot</strong></span> <span class='ocrx_word' id='word_1_190' title='bbox 801 3295 944 3350; x_wconf 86' lang='lat' dir='ltr'><strong>diuidatur</strong></span> <span class='ocrx_word' id='word_1_191' title='bbox 967 3297 1109 3352; x_wconf 88' lang='lat' dir='ltr'><strong>mensibus</strong></span> <span class='ocrx_word' id='word_1_192' title='bbox 1134 3301 1252 3370; x_wconf 81' lang='lat' dir='ltr'><strong>ettam]</strong></span> 
     </span>
     <span class='ocr_line' id='line_1_29' title="bbox 143 3382 1252 3457; baseline 0.005 -20"><span class='ocrx_word' id='word_1_193' title='bbox 143 3386 219 3440; x_wconf 89' lang='lat' dir='ltr'><strong>ribus</strong></span> <span class='ocrx_word' id='word_1_194' title='bbox 246 3401 334 3440; x_wconf 85' lang='lat' dir='ltr'><strong>annus</strong></span> <span class='ocrx_word' id='word_1_195' title='bbox 361 3386 391 3438; x_wconf 89' lang='lat' dir='ltr'><strong>et</strong></span> <span class='ocrx_word' id='word_1_196' title='bbox 412 3383 442 3437; x_wconf 91' lang='lat' dir='ltr'><strong>in</strong></span> <span class='ocrx_word' id='word_1_197' title='bbox 464 3383 565 3450; x_wconf 90' lang='lat' dir='ltr'><strong>quibus</strong></span> <span class='ocrx_word' id='word_1_198' title='bbox 589 3382 657 3452; x_wconf 89' lang='lat' dir='ltr'><strong>quid</strong></span> <span class='ocrx_word' id='word_1_199' title='bbox 681 3382 736 3438; x_wconf 88' lang='lat' dir='ltr'><strong>seri</strong></span> <span class='ocrx_word' id='word_1_200' title='bbox 754 3387 883 3454; x_wconf 77' lang='lat' dir='ltr'><strong>oporteat</strong></span> <span class='ocrx_word' id='word_1_201' title='bbox 901 3403 934 3440; x_wconf 85' lang='lat' dir='ltr'><strong>ao</strong></span> <span class='ocrx_word' id='word_1_202' title='bbox 953 3387 1050 3456; x_wconf 82' lang='lat' dir='ltr'><strong>colligi</strong></span> <span class='ocrx_word' id='word_1_203' title='bbox 1068 3388 1102 3441; x_wconf 84' lang='lat' dir='ltr'><strong>de</strong></span> <span class='ocrx_word' id='word_1_204' title='bbox 1120 3404 1191 3457; x_wconf 84' lang='lat' dir='ltr'><strong>agro</strong></span> <span class='ocrx_word' id='word_1_205' title='bbox 1212 3405 1252 3442; x_wconf 86' lang='lat' dir='ltr'><strong>scr</strong></span> 
     </span>
     <span class='ocr_line' id='line_1_30' title="bbox 143 3471 1252 3545; baseline 0.004 -18"><span class='ocrx_word' id='word_1_206' title='bbox 143 3476 249 3530; x_wconf 83' lang='lat' dir='ltr'><strong>natac</strong></span> <span class='ocrx_word' id='word_1_207' title='bbox 328 3480 360 3528; x_wconf 80' lang='lat'><strong>12</strong></span> <span class='ocrx_word' id='word_1_208' title='bbox 390 3471 531 3536; x_wconf 79' lang='lat' dir='ltr'><strong>Quotenos</strong></span> <span class='ocrx_word' id='word_1_209' title='bbox 559 3471 619 3526; x_wconf 91' lang='lat' dir='ltr'><strong>dies</strong></span> <span class='ocrx_word' id='word_1_210' title='bbox 648 3474 752 3528; x_wconf 84' lang='lat' dir='ltr'><strong>habeat</strong></span> <span class='ocrx_word' id='word_1_211' title='bbox 775 3474 904 3542; x_wconf 88' lang='lat' dir='ltr'><strong>quodque</strong></span> <span class='ocrx_word' id='word_1_212' title='bbox 929 3475 1041 3545; x_wconf 88' lang='lat' dir='ltr'><strong>tempus</strong></span> <span class='ocrx_word' id='word_1_213' title='bbox 1065 3476 1131 3530; x_wconf 86' lang='lat' dir='ltr'><strong>anni</strong></span> <span class='ocrx_word' id='word_1_214' title='bbox 1154 3475 1252 3532; x_wconf 86' lang='lat' dir='ltr'><strong>deseri</strong></span> 
     </span>
     <span class='ocr_line' id='line_1_31' title="bbox 143 3561 1252 3634; baseline 0.004 -19"><span class='ocrx_word' id='word_1_215' title='bbox 143 3563 282 3633; x_wconf 79' lang='lat' dir='ltr'><strong>(discripti</strong></span> <span class='ocrx_word' id='word_1_216' title='bbox 300 3564 338 3630; x_wconf 91' lang='lat' dir='ltr'><strong>B)</strong></span> <span class='ocrx_word' id='word_1_217' title='bbox 363 3562 393 3614; x_wconf 92' lang='lat' dir='ltr'><strong>in</strong></span> <span class='ocrx_word' id='word_1_218' title='bbox 417 3561 547 3627; x_wconf 85' lang='lat' dir='ltr'><strong>quattuor</strong></span> <span class='ocrx_word' id='word_1_219' title='bbox 569 3565 663 3631; x_wconf 88' lang='lat' dir='ltr'><strong>partes</strong></span> <span class='ocrx_word' id='word_1_220' title='bbox 683 3563 741 3616; x_wconf 92' lang='lat' dir='ltr'><strong>PB</strong></span> <span class='ocrx_word' id='word_1_221' title='bbox 761 3561 902 3627; x_wconf 80' lang='lat' dir='ltr'><strong>Quotenos</strong></span> <span class='ocrx_word' id='word_1_222' title='bbox 926 3563 1114 3619; x_wconf 36' lang='lat' dir='ltr'><strong>diesvhabeat</strong></span> <span class='ocrx_word' id='word_1_223' title='bbox 1131 3568 1134 3633; x_wconf 91' lang='grc' dir='ltr'>Ι</span> <span class='ocrx_word' id='word_1_224' title='bbox 1152 3565 1252 3634; x_wconf 62' lang='lat' dir='ltr'><strong>Quodn</strong></span> 
     </span>
     <span class='ocr_line' id='line_1_32' title="bbox 142 3646 1252 3722; baseline 0.004 -17"><span class='ocrx_word' id='word_1_225' title='bbox 142 3656 254 3721; x_wconf 84' lang='lat' dir='ltr'><strong>tempus</strong></span> <span class='ocrx_word' id='word_1_226' title='bbox 276 3650 343 3706; x_wconf 87' lang='lat' dir='ltr'><strong>anni</strong></span> <span class='ocrx_word' id='word_1_227' title='bbox 361 3646 490 3718; x_wconf 78' lang='lat' dir='ltr'><strong>discripti</strong></span> <span class='ocrx_word' id='word_1_228' title='bbox 508 3648 537 3702; x_wconf 89' lang='lat' dir='ltr'><strong>in</strong></span> <span class='ocrx_word' id='word_1_229' title='bbox 556 3654 675 3720; x_wconf 87' lang='lat' dir='ltr'><strong>quatuor</strong></span> <span class='ocrx_word' id='word_1_230' title='bbox 692 3654 786 3721; x_wconf 86' lang='lat' dir='ltr'><strong>partes</strong></span> <span class='ocrx_word' id='word_1_231' title='bbox 806 3653 834 3706; x_wconf 89' lang='lat' dir='ltr'><strong><em>A</em></strong></span> <span class='ocrx_word' id='word_1_232' title='bbox 853 3651 927 3716; x_wconf 77' lang='lat' dir='ltr'><strong>Quot</strong></span> <span class='ocrx_word' id='word_1_233' title='bbox 945 3652 1005 3708; x_wconf 85' lang='lat' dir='ltr'><strong>dies</strong></span> <span class='ocrx_word' id='word_1_234' title='bbox 1022 3654 1128 3708; x_wconf 86' lang='lat' dir='ltr'><strong>habeat</strong></span> <span class='ocrx_word' id='word_1_235' title='bbox 1146 3655 1252 3722; x_wconf 76' lang='lat' dir='ltr'><strong>quaelil</strong></span> 
     </span>
     <span class='ocr_line' id='line_1_33' title="bbox 143 3738 1252 3818; baseline 0.005 -26"><span class='ocrx_word' id='word_1_236' title='bbox 143 3742 242 3807; x_wconf 86' lang='lat' dir='ltr'><strong>quarta</strong></span> <span class='ocrx_word' id='word_1_237' title='bbox 260 3756 325 3808; x_wconf 88' lang='lat' dir='ltr'><strong>pars</strong></span> <span class='ocrx_word' id='word_1_238' title='bbox 345 3738 411 3791; x_wconf 88' lang='lat' dir='ltr'><strong>anni</strong></span> <span class='ocrx_word' id='word_1_239' title='bbox 430 3740 459 3792; x_wconf 86' lang='lat' dir='ltr'><strong>et</strong></span> <span class='ocrx_word' id='word_1_240' title='bbox 476 3739 505 3792; x_wconf 90' lang='lat' dir='ltr'><strong>in</strong></span> <span class='ocrx_word' id='word_1_241' title='bbox 524 3741 625 3808; x_wconf 88' lang='lat' dir='ltr'><strong>quibus</strong></span> <span class='ocrx_word' id='word_1_242' title='bbox 640 3741 726 3810; x_wconf 83' lang='lat' dir='ltr'><strong>signis</strong></span> <span class='ocrx_word' id='word_1_243' title='bbox 741 3741 813 3795; x_wconf 87' lang='lat' dir='ltr'><strong>caeli</strong></span> <span class='ocrx_word' id='word_1_244' title='bbox 826 3741 961 3797; x_wconf 85' lang='lat' dir='ltr'><strong>intrento</strong></span> <span class='ocrx_word' id='word_1_245' title='bbox 1036 3749 1069 3797; x_wconf 87' lang='grc'><strong>14</strong></span> <span class='ocrx_word' id='word_1_246' title='bbox 1087 3743 1184 3798; x_wconf 87' lang='lat' dir='ltr'><strong>Primo</strong></span> <span class='ocrx_word' id='word_1_247' title='bbox 1205 3745 1252 3818; x_wconf 86' lang='lat' dir='ltr'><strong>¹int</strong></span> 
     </span>
     <span class='ocr_line' id='line_1_34' title="bbox 141 3827 1238 3898; baseline 0.005 -16"><span class='ocrx_word' id='word_1_248' title='bbox 141 3827 218 3882; x_wconf 87' lang='lat' dir='ltr'><strong>uallo</strong></span> <span class='ocrx_word' id='word_1_249' title='bbox 239 3829 344 3897; x_wconf 82' lang='lat' dir='ltr'><strong><em>PAB,</em></strong></span> <span class='ocrx_word' id='word_1_250' title='bbox 369 3844 419 3882; x_wconf 84' lang='lat' dir='ltr'><strong>om.</strong></span> <span class='ocrx_word' id='word_1_251' title='bbox 442 3846 480 3883; x_wconf 85' lang='lat' dir='ltr'><strong>o.</strong></span> <span class='ocrx_word' id='word_1_252' title='bbox 492 3837 620 3898; x_wconf 79' lang='lat' dir='ltr'><strong>praetera</strong></span> <span class='ocrx_word' id='word_1_253' title='bbox 642 3828 767 3884; x_wconf 90' lang='lat' dir='ltr'><strong>Primum</strong></span> <span class='ocrx_word' id='word_1_254' title='bbox 789 3831 969 3887; x_wconf 87' lang='lat' dir='ltr'><strong>interuallum</strong></span> <span class='ocrx_word' id='word_1_255' title='bbox 993 3831 1068 3887; x_wconf 88' lang='lat' dir='ltr'><strong>inter</strong></span> <span class='ocrx_word' id='word_1_256' title='bbox 1089 3833 1238 3887; x_wconf 79' lang='lat' dir='ltr'><strong>lenonium</strong></span> 
     </span>
     <span class='ocr_line' id='line_1_35' title="bbox 142 3918 1219 3991; baseline 0.006 -21"><span class='ocrx_word' id='word_1_257' title='bbox 142 3918 331 3985; x_wconf 90' lang='lat' dir='ltr'><strong>equinoctium</strong></span> <span class='ocrx_word' id='word_1_258' title='bbox 354 3933 472 3972; x_wconf 89' lang='lat' dir='ltr'><strong>uernum</strong></span> <span class='ocrx_word' id='word_1_259' title='bbox 494 3920 577 3974; x_wconf 81' lang='lat' dir='ltr'><strong>rubro</strong></span> <span class='ocrx_word' id='word_1_260' title='bbox 596 3921 682 3974; x_wconf 77' lang='lat' dir='ltr'><strong>colore</strong></span> <span class='ocrx_word' id='word_1_261' title='bbox 700 3921 731 3973; x_wconf 77' lang='lat' dir='ltr'><strong>in</strong></span> <span class='ocrx_word' id='word_1_262' title='bbox 749 3921 873 3989; x_wconf 73' lang='lat' dir='ltr'><strong>marpissa</strong></span> <span class='ocrx_word' id='word_1_263' title='bbox 891 3921 1033 3991; x_wconf 81' lang='lat' dir='ltr'><strong>adscripto</strong></span> <span class='ocrx_word' id='word_1_264' title='bbox 1051 3927 1117 3976; x_wconf 80' lang='lat' dir='ltr'><strong>sunt</strong></span> <span class='ocrx_word' id='word_1_265' title='bbox 1139 3924 1172 3976; x_wconf 82' lang='lat' dir='ltr'><strong>in</strong></span> <span class='ocrx_word' id='word_1_266' title='bbox 1191 3925 1219 3978; x_wconf 92' lang='lat' dir='ltr'><strong><em>A</em></strong></span> 
     </span>
     <span class='ocr_line' id='line_1_36' title="bbox 129 4007 1252 4077; baseline 0.006 -17"><span class='ocrx_word' id='word_1_267' title='bbox 129 4013 175 4061; x_wconf 80' lang='grc'><strong>·16</strong></span> <span class='ocrx_word' id='word_1_268' title='bbox 202 4007 328 4062; x_wconf 86' lang='lat' dir='ltr'><strong>Secundo</strong></span> <span class='ocrx_word' id='word_1_269' title='bbox 356 4008 520 4074; x_wconf 83' lang='lat' dir='ltr'><strong>interuallo,</strong></span> <span class='ocrx_word' id='word_1_270' title='bbox 549 4010 612 4062; x_wconf 83' lang='lat' dir='ltr'><strong>item</strong></span> <span class='ocrx_word' id='word_1_271' title='bbox 640 4010 673 4062; x_wconf 81' lang='lat' dir='ltr'><strong>in</strong></span> <span class='ocrx_word' id='word_1_272' title='bbox 701 4009 815 4077; x_wconf 77' lang='lat' dir='ltr'><strong>reliquis</strong></span> <span class='ocrx_word' id='word_1_273' title='bbox 842 4010 931 4063; x_wconf 80' lang='lat' dir='ltr'><strong>titolis</strong></span> <span class='ocrx_word' id='word_1_274' title='bbox 953 4009 1049 4065; x_wconf 84' lang='lat' dir='ltr'><strong>Tertio</strong></span> <span class='ocrx_word' id='word_1_275' title='bbox 1078 4010 1252 4067; x_wconf 85' lang='lat' dir='ltr'><strong>interuallo</strong></span> 
     </span>
     <span class='ocr_line' id='line_1_37' title="bbox 141 4096 1252 4166; baseline 0.003 -15"><span class='ocrx_word' id='word_1_276' title='bbox 141 4096 248 4152; x_wconf 86' lang='lat' dir='ltr'><strong>Octauo</strong></span> <span class='ocrx_word' id='word_1_277' title='bbox 266 4096 416 4153; x_wconf 85' lang='lat' dir='ltr'><strong>interuallo</strong></span> <span class='ocrx_word' id='word_1_278' title='bbox 435 4098 519 4151; x_wconf 79' lang='lat' dir='ltr'><strong>rubro</strong></span> <span class='ocrx_word' id='word_1_279' title='bbox 539 4099 625 4153; x_wconf 77' lang='lat' dir='ltr'><strong>colore</strong></span> <span class='ocrx_word' id='word_1_280' title='bbox 642 4098 747 4166; x_wconf 80' lang='lat' dir='ltr'><strong>scripta</strong></span> <span class='ocrx_word' id='word_1_281' title='bbox 764 4104 830 4152; x_wconf 80' lang='lat' dir='ltr'><strong>cont</strong></span> <span class='ocrx_word' id='word_1_282' title='bbox 847 4099 879 4152; x_wconf 81' lang='lat' dir='ltr'><strong>in</strong></span> <span class='ocrx_word' id='word_1_283' title='bbox 892 4099 930 4166; x_wconf 88' lang='lat' dir='ltr'><strong>A,</strong></span> <span class='ocrx_word' id='word_1_284' title='bbox 950 4102 1050 4155; x_wconf 82' lang='lat' dir='ltr'><strong>omisso</strong></span> <span class='ocrx_word' id='word_1_285' title='bbox 1063 4101 1094 4154; x_wconf 78' lang='lat' dir='ltr'><strong>in</strong></span> <span class='ocrx_word' id='word_1_286' title='bbox 1107 4101 1144 4156; x_wconf 92' lang='lat' dir='ltr'><strong>B.</strong></span> <span class='ocrx_word' id='word_1_287' title='bbox 1160 4100 1252 4156; x_wconf 85' lang='lat' dir='ltr'><strong>Secum</strong></span> 
     </span>
     <span class='ocr_line' id='line_1_38' title="bbox 139 4178 1252 4255; baseline 0.004 -16"><span class='ocrx_word' id='word_1_288' title='bbox 139 4185 303 4254; x_wconf 82' lang='lat' dir='ltr'><strong>interuallo,</strong></span> <span class='ocrx_word' id='word_1_289' title='bbox 322 4186 417 4240; x_wconf 83' lang='lat' dir='ltr'><strong>Tertio</strong></span> <span class='ocrx_word' id='word_1_290' title='bbox 436 4186 594 4253; x_wconf 84' lang='lat' dir='ltr'><strong>interuallo,</strong></span> <span class='ocrx_word' id='word_1_291' title='bbox 614 4178 719 4251; x_wconf 71' lang='lat' dir='ltr'><strong>¹(luarto</strong></span> <span class='ocrx_word' id='word_1_292' title='bbox 739 4186 890 4245; x_wconf 87' lang='lat' dir='ltr'><strong>interuallo</strong></span> <span class='ocrx_word' id='word_1_293' title='bbox 909 4205 958 4242; x_wconf 85' lang='lat' dir='ltr'><strong>om.</strong></span> <span class='ocrx_word' id='word_1_294' title='bbox 974 4206 999 4255; x_wconf 89' lang='lat' dir='ltr'><strong>o,</strong></span> <span class='ocrx_word' id='word_1_295' title='bbox 1014 4191 1078 4244; x_wconf 80' lang='lat' dir='ltr'><strong>cdd.</strong></span> <span class='ocrx_word' id='word_1_296' title='bbox 1095 4189 1123 4242; x_wconf 93' lang='lat' dir='ltr'><strong><em>P</em></strong></span> <span class='ocrx_word' id='word_1_297' title='bbox 1197 4193 1252 4244; x_wconf 75' lang='lat' dir='ltr'><strong>19l</strong></span> 
     </span>
     <span class='ocr_line' id='line_1_39' title="bbox 139 4273 1252 4349; baseline 0.008 -24"><span class='ocrx_word' id='word_1_298' title='bbox 139 4273 203 4326; x_wconf 89' lang='lat' dir='ltr'><strong>idus</strong></span> <span class='ocrx_word' id='word_1_299' title='bbox 226 4273 315 4328; x_wconf 86' lang='lat' dir='ltr'><strong>Maias</strong></span> <span class='ocrx_word' id='word_1_300' title='bbox 341 4276 488 4342; x_wconf 82' lang='lat' dir='ltr'><strong>posteriore</strong></span> <span class='ocrx_word' id='word_1_301' title='bbox 516 4277 572 4338; x_wconf 80' lang='lat' dir='ltr'><strong>loco</strong></span> <span class='ocrx_word' id='word_1_302' title='bbox 595 4293 645 4331; x_wconf 82' lang='lat' dir='ltr'><strong>om.</strong></span> <span class='ocrx_word' id='word_1_303' title='bbox 669 4276 697 4330; x_wconf 93' lang='lat' dir='ltr'><strong><em>A</em></strong></span> <span class='ocrx_word' id='word_1_304' title='bbox 774 4281 808 4329; x_wconf 80' lang='lat'><strong>20</strong></span> <span class='ocrx_word' id='word_1_305' title='bbox 832 4279 861 4329; x_wconf 92' lang='lat' dir='ltr'><strong>et</strong></span> <span class='ocrx_word' id='word_1_306' title='bbox 884 4277 1048 4349; x_wconf 85' lang='lat' dir='ltr'><strong>solstitium]</strong></span> <span class='ocrx_word' id='word_1_307' title='bbox 1072 4279 1109 4332; x_wconf 80' lang='lat' dir='ltr'><strong>nd</strong></span> <span class='ocrx_word' id='word_1_308' title='bbox 1133 4280 1252 4334; x_wconf 88' lang='lat' dir='ltr'><strong>solstitio</strong></span> 
     </span>
     <span class='ocr_line' id='line_1_40' title="bbox 147 4361 1251 4436; baseline 0.008 -23"><span class='ocrx_word' id='word_1_309' title='bbox 147 4361 235 4415; x_wconf 88' lang='lat' dir='ltr'><strong>VAB</strong></span> <span class='ocrx_word' id='word_1_310' title='bbox 307 4367 340 4415; x_wconf 77' lang='lat'><strong>22</strong></span> <span class='ocrx_word' id='word_1_311' title='bbox 361 4361 402 4416; x_wconf 89' lang='lat' dir='ltr'><strong>De</strong></span> <span class='ocrx_word' id='word_1_312' title='bbox 425 4365 636 4433; x_wconf 83' lang='lat' dir='ltr'><strong>pampinatione</strong></span> <span class='ocrx_word' id='word_1_313' title='bbox 653 4365 657 4436; x_wconf 85' lang='grc' dir='ltr'>Ι</span> <span class='ocrx_word' id='word_1_314' title='bbox 674 4363 770 4429; x_wconf 78' lang='lat' dir='ltr'><strong>Qrialis</strong></span> <span class='ocrx_word' id='word_1_315' title='bbox 794 4365 832 4418; x_wconf 89' lang='lat' dir='ltr'><strong>sit</strong></span> <span class='ocrx_word' id='word_1_316' title='bbox 852 4366 997 4435; x_wconf 88' lang='lat' dir='ltr'><strong>capreolus</strong></span> <span class='ocrx_word' id='word_1_317' title='bbox 1015 4367 1045 4420; x_wconf 91' lang='lat' dir='ltr'><strong>in</strong></span> <span class='ocrx_word' id='word_1_318' title='bbox 1063 4367 1122 4421; x_wconf 87' lang='lat' dir='ltr'><strong>uite</strong></span> <span class='ocrx_word' id='word_1_319' title='bbox 1144 4369 1172 4421; x_wconf 93' lang='lat' dir='ltr'><strong><em>P</em></strong></span> <span class='ocrx_word' id='word_1_320' title='bbox 1196 4369 1251 4424; x_wconf 86' lang='lat' dir='ltr'><strong>Vict</strong></span> 
     </span>
     <span class='ocr_line' id='line_1_41' title="bbox 140 4449 1138 4525; baseline 0.009 -23"><span class='ocrx_word' id='word_1_321' title='bbox 140 4451 185 4503; x_wconf 82' lang='lat' dir='ltr'><strong>ios</strong></span> <span class='ocrx_word' id='word_1_322' title='bbox 204 4449 246 4505; x_wconf 91' lang='lat' dir='ltr'><strong>De</strong></span> <span class='ocrx_word' id='word_1_323' title='bbox 265 4452 481 4520; x_wconf 79' lang='lat' dir='ltr'><strong>pampinatione</strong></span> <span class='ocrx_word' id='word_1_324' title='bbox 501 4453 592 4521; x_wconf 84' lang='lat' dir='ltr'><strong>qualis</strong></span> <span class='ocrx_word' id='word_1_325' title='bbox 612 4455 651 4508; x_wconf 90' lang='lat' dir='ltr'><strong>sit</strong></span> <span class='ocrx_word' id='word_1_326' title='bbox 668 4453 815 4525; x_wconf 87' lang='lat' dir='ltr'><strong>capreolus</strong></span> <span class='ocrx_word' id='word_1_327' title='bbox 833 4455 863 4519; x_wconf 81' lang='lat' dir='ltr'><strong>in</strong></span> <span class='ocrx_word' id='word_1_328' title='bbox 883 4455 939 4508; x_wconf 87' lang='lat' dir='ltr'><strong>nite</strong></span> <span class='ocrx_word' id='word_1_329' title='bbox 959 4457 1032 4522; x_wconf 91' lang='lat' dir='ltr'><strong>AB,</strong></span> <span class='ocrx_word' id='word_1_330' title='bbox 1051 4472 1101 4510; x_wconf 79' lang='lat' dir='ltr'><strong>ona.</strong></span> <span class='ocrx_word' id='word_1_331' title='bbox 1121 4475 1138 4511; x_wconf 87' lang='lat' dir='ltr'><strong>o</strong></span> 
     </span>
    </p>
   </div>
   <div class='ocr_carea' id='block_1_4' title="bbox 0 0 1504 5026">
    <p class='ocr_par' dir='ltr' id='par_1_20' title="bbox 0 0 1504 5026">
     <span class='ocr_line' id='line_1_42' title="bbox 0 0 1504 5026; baseline 0 2"><span class='ocrx_word' id='word_1_332' title='bbox 0 0 1504 5026; x_wconf 95' lang='lat' dir='ltr'><strong> </strong></span> 
     </span>
    </p>
   </div>
  </div>
 </body>
</html>
