3000 5026
243 323 310 389 194
734 322 920 378 VARRONIS

243 499 384 552 sternunt
414 501 446 552 et
476 499 584 552 curam
610 509 648 551 ne
676 509 763 551 umor
789 498 841 551 aut
867 508 919 550 aer
945 497 1067 566 tangere
1093 491 1203 567 possit,
1232 490 1294 548 uisi
1320 506 1389 548 cum

243 601 392 677 promitur
422 599 459 658 ad
491 617 588 660 nsum
632 617 692 677 qno
724 600 803 657 enim
835 599 959 675 spiritus
991 615 1050 656 non
1077 598 1227 675 pervenit,
1259 595 1305 656 ibi
1328 614 1388 655 non

244 708 342 766 oritur
363 705 506 767 curculio.
538 708 581 765 sic
604 705 756 765 conditum
776 707 909 764 triticum
926 713 1025 763 manet
1043 703 1090 763 vel
1107 701 1253 782 annosi„
1275 702 1389 763 milium

219 816 319 874 3vero
340 812 408 892 plus
431 831 524 873 annos
547 812 578 874 C.
623 831 714 890 supra
736 820 847 871 terram
870 813 1004 890 panaria
1027 812 1059 870 in
1081 828 1153 888 agro
1176 809 1297 888 quidam
1320 808 1388 869 sule

244 919 325 979 limis
357 920 483 999 lacInnt,
516 929 549 980 ut
585 921 616 979 in
648 918 788 998 Hispania
826 921 966 979 citeriore
1002 925 1033 977 ct
1063 919 1095 976 in
1126 915 1234 994 Apulia
1261 916 1390 996 quidam,

245 1044 320 1104 qnae
349 1045 409 1087 non
436 1026 532 1087 solnm
559 1045 575 1086 a
603 1025 747 1086 lateribus
774 1044 828 1104 per
855 1025 1015 1103 fenestras,
1042 1023 1095 1084 sed
1122 1025 1212 1083 ctiam
1240 1023 1390 1083 subtusa

140 1130 229 1191 LVlll
247 1133 311 1193 solo
333 1143 440 1194 ventus
462 1133 595 1211 regolare
613 1135 717 1211 possit
762 1131 828 1192 laba
850 1131 998 1210 legumina
1016 1132 1048 1189 iu
1067 1130 1185 1190 oleariis
1203 1133 1283 1190 rasis
1301 1130 1389 1190 oblita

246 1242 347 1300 cinere
370 1240 478 1318 perdiu
500 1239 659 1300 incolumia
682 1248 848 1300 serrantur.

334 1347 406 1407 Cato
429 1349 471 1407 ait
494 1366 579 1407 uvam
602 1349 768 1407 aminneam
791 1345 988 1406 minusculam
1006 1353 1037 1405 et
1055 1346 1197 1404 maiorem
1216 1352 1248 1404 et
1265 1347 1390 1423 spiciam

246 1454 277 1513 in
309 1452 375 1513 ollis
407 1453 645 1514 commodissime
677 1451 778 1512 condi:
810 1451 913 1511 eadem
943 1454 976 1512 in
1008 1470 1078 1530 sapa
1110 1460 1143 1512 et
1168 1460 1269 1512 musto
1296 1459 1391 1512 recte:

246 1579 320 1639 quas
344 1560 508 1638 suspendas
530 1560 798 1639 opportunissimas
821 1577 886 1618 esse
910 1559 1067 1620 duraciuas
1087 1567 1118 1618 et
1135 1561 1290 1619 aminneas
1308 1577 1390 1620 scan-

162 1661 228 1722 Llll
246 1668 349 1726 tianas.
400 1666 437 1726 de
465 1669 561 1745 pomis
584 1665 744 1745 conditiva,
772 1665 848 1726 mala
880 1665 1028 1746 struthea,
1061 1673 1199 1745 cotonea,
1231 1668 1391 1746 scantiana,

247 1773 417 1853 scandiana,
440 1773 602 1833 orbiculata
627 1782 656 1833 et
680 1791 755 1852 quae
779 1781 864 1833 antea
889 1782 1003 1833 mustea
1026 1773 1183 1853 vocabant,
1207 1791 1288 1833 nunc
1312 1771 1391 1833 meli-

246 1878 322 1939 mela
345 1878 501 1960 appellant,
523 1880 597 1941 haec
620 1881 718 1940 omnia
741 1882 771 1939 in
793 1879 860 1940 loco
882 1880 965 1939 arido
989 1888 1019 1939 et
1041 1880 1149 1957 frigido
1168 1898 1260 1958 supra
1278 1879 1392 1959 paleam

247 1988 342 2064 posita
370 1989 482 2046 servari
510 1994 591 2047 recte
620 1995 733 2064 putant.
780 1995 810 2047 et
834 1986 902 2046 ideo
925 1985 1121 2064 oporothecas
1145 1989 1197 2066 qni
1220 1987 1334 2048 faciunt
1356 1986 1390 2047 ad

247 2091 415 2172 aquilonem
443 2104 476 2154 nt
504 2095 650 2154 fenestras
677 2093 806 2154 habeant
832 2103 920 2172 atque
948 2101 983 2153 ut
1009 2111 1062 2153 eae
1089 2093 1255 2171 perilentnr
1279 2101 1391 2176 curant,

320 2342 336 2389 9
355 2334 425 2391 Cato
444 2336 485 2390 ait
503 2354 526 2392 e.
545 2341 563 2392 ⁷
635 2342 667 2389 11
688 2336 830 2391 aminneas
848 2335 1007 2390 martianas
1024 2336 1100 2391 Ptin.
1120 2341 1169 2404 14,
1187 2341 1224 2392 47

339 2573 353 2620 1
378 2584 413 2621 ne
435 2583 515 2621 umor
534 2564 591 2620 PA
614 2582 668 2632 neu
686 2565 786 2620 humor
804 2566 834 2622 Β
850 2582 885 2620 ns
903 2568 1038 2621 humore
1127 2567 1243 2639 4plus]
1263 2569 1348 2638 nplus
1365 2569 1397 2624 Β·

338 2661 354 2709 1
386 2655 491 2709 fatiunt
516 2654 545 2708 A
661 2655 786 2725 ampulia
816 2656 845 2709 A
940 2663 954 2711 t
987 2672 1115 2724 regerere
1143 2656 1235 2710 PAB
1261 2673 1397 2728 regyrare

249 2745 325 2799 o.c'
362 2744 488 2815 regelone
523 2745 556 2797 in
591 2745 715 2814 munpine
750 2745 898 2812 adscripsit
926 2743 973 2798 P.
990 2744 1107 2799 ‘Ventus
1138 2747 1267 2814 regolare
1297 2746 1397 2817 possita

249 2833 297 2888 Ita
333 2834 484 2903 custipani,
519 2834 552 2887 in
588 2850 675 2888 mann
705 2833 776 2888 enim
807 2834 918 2903 scriptis
948 2832 1099 2903 Regerare’
1141 2833 1281 2890 Victorius
1294 2876 1301 2888 .
1316 2833 1397 2890 refri.

249 2937 347 2992 gerare
372 2921 554 2976 Schneiderns
660 2921 727 2976 faba
753 2921 899 2990 legumina
925 2922 1015 2976 PAB
1041 2922 1109 2976 faba
1135 2925 1164 2976 et
1191 2923 1370 2993 leguminao

248 3010 344 3066 labam
362 3013 392 3066 et
409 3009 554 3079 legumina
571 3010 601 3064 in
620 3009 732 3065 oleariis
747 3010 825 3066 cadis
839 3010 928 3072 oblita
942 3010 1033 3065 cinere
1046 3010 1132 3080 longo
1146 3013 1276 3081 tempore
1289 3029 1397 3068 servat:

250 3099 364 3154 Plinius
384 3099 505 3153 XVIII
521 3103 577 3156 307
1104 3104 1107 3108 ’

321 3194 337 3241 9
363 3205 444 3242 uvam
466 3204 516 3244 om.
535 3187 563 3242 A
649 3194 683 3242 10
705 3187 736 3240 in
759 3204 810 3256 spa
828 3205 909 3258 sapa,
932 3189 979 3244 sed
1002 3206 1054 3258 spa
1071 3189 1185 3244 denum
1203 3189 1231 3243 A
1316 3191 1346 3244 et
1361 3187 1389 3241 1·

249 3277 343 3331 musto
361 3275 390 3330 Β
476 3282 508 3330 11
536 3277 786 3347 opportunissimas
808 3277 836 3331 V
855 3277 1085 3347 oportunissimos
1104 3278 1164 3334 AB
1250 3278 1397 3334 duracinffi

250 3366 280 3420 et
302 3365 446 3420 aminneas
470 3366 647 3435 (duracinnas
671 3369 700 3421 et
718 3366 775 3421 ami
791 3369 795 3437 Ι
811 3382 877 3422 neas
895 3368 934 3436 A)
952 3369 1111 3422 scantianas
1129 3367 1171 3421 De
1189 3368 1282 3437 pomis
1301 3369 1397 3424 cond-

250 3456 310 3511 tiua
323 3456 413 3511 PAB
432 3454 579 3509 duracinae
598 3456 627 3509 ei
645 3455 769 3510 emineas
788 3457 949 3512 scancianas
968 3456 1116 3513 conditius
1129 3474 1146 3510 n
1161 3501 1167 3512 .
1182 3457 1298 3525 sonasse
1316 3459 1397 3512 dur=

251 3545 328 3600 cinus
352 3544 496 3598 aminness
510 3564 517 3596 2
533 3544 567 3598 de
586 3544 677 3611 pomis
697 3544 841 3600 conditiva
913 3552 945 3600 12
972 3544 1134 3599 ‘conditius
1152 3545 1228 3600 mala
1247 3547 1397 3600 struthea-

251 3635 323 3688 Ante
342 3635 407 3687 hoec
425 3632 510 3686 uerbo
523 3632 555 3685 in
568 3634 761 3688 uetustissimis
775 3636 854 3689 111111
867 3635 908 3688 De
922 3634 1023 3702 pomis,
1041 3635 1175 3703 scriptun
1188 3641 1226 3689 est
1239 3656 1246 3689 ε
1262 3636 1334 3705 qnod
1347 3649 1397 3689 aa

251 3722 457 3789 inscriptionem
475 3721 562 3787 fnisse
580 3721 709 3789 arbitror,
727 3741 796 3793 pune
813 3724 973 3789 ostenderet,
1000 3724 1103 3793 111111
1121 3724 1166 3777 liic
1184 3729 1312 3794 apennine
1326 3746 1332 3777 :
1346 3736 1397 3776 aa

251 3828 284 3865 eo
301 3810 408 3864 notiores
426 3810 529 3864 distnnt
547 3825 609 3876 ease,
628 3827 683 3879 pua
700 3828 757 3867 non
775 3814 860 3866 multo
875 3816 938 3880 post
956 3812 1101 3867 declarabo
1116 3854 1123 3866 .
1138 3812 1195 3865 Hic
1209 3814 1299 3881 panio
1318 3811 1397 3879 int'a

253 3897 416 3964 Quiriniana
431 3900 462 3953 in
475 3900 598 3968 antiquis
610 3916 667 3954 non
681 3901 787 3969 inueni,
801 3902 908 3968 sedpno
917 3902 968 3955 itin
977 3918 1042 3955 noce
1051 3899 1221 3955 Scandiana'
1259 3901 1397 3956 Victorii

324 3989 450 4044 struthea
463 3988 554 4042 PAB
567 3992 691 4044 structae
708 4007 725 4044 v
797 3991 915 4044 cotonea
930 3990 1023 4045 PAB
1037 3987 1177 4043 colonien
1251 3988 1397 4044 scantin

252 4075 405 4134 scandiana
433 4077 590 4133 orbiculata
618 4078 708 4133 VAB
731 4078 877 4133 scantiana
900 4077 1059 4147 quiriniana
1083 4077 1240 4132 orbiculata
1263 4075 1397 4149 Anpetia

307 4173 339 4221 ts
357 4166 507 4221 melamela
520 4167 549 4222 A
600 4172 634 4222 14
653 4183 737 4236 supra
755 4167 838 4236 palea
851 4167 946 4236 posita
954 4169 1014 4222 PB
1027 4183 1112 4236 supra
1125 4166 1221 4236 paleas
1235 4161 1397 4235 positar!-

252 4272 336 4324 supra
354 4255 447 4323 posita
466 4255 582 4324 pelean
656 4262 689 4310 16
708 4258 791 4323 atque
805 4256 853 4310 Be
872 4257 964 4325 adque
978 4256 1036 4311 PA
1107 4256 1139 4309 11
1157 4271 1190 4326 ep
1208 4255 1370 4324 perdentur·

252 4345 286 4397 11
308 4358 376 4397 aeae
399 4342 551 4412 perflantur
569 4345 596 4398 A
621 4347 652 4398 ut
670 4361 704 4398 ea
722 4345 874 4415 perdentur
892 4347 921 4400 Β
938 4347 971 4398 11
989 4362 1053 4399 uere
1072 4345 1224 4414 perdentur
1242 4362 1269 4399 m
1287 4347 1320 4398 ut
1335 4351 1397 4413 pe

252 4429 354 4486 dentur
370 4448 387 4484 o
