3000 5026
171 340 235 404 160
660 338 847 393 VARRONIS

143 512 205 567 2ut
229 507 328 586 lunes,
356 513 464 584 restes,
491 511 613 582 tegetes.
660 523 735 583 quae
759 525 775 565 e
798 505 889 565 lundo
913 507 991 566 sumi
1013 523 1074 566 non
1095 511 1252 584 poterunt,
1279 522 1314 564 ea

168 615 194 673 si
222 619 319 691 empta
347 619 435 672 erunt
462 613 562 690 potius
590 612 626 671 ad
654 611 812 672 utilitatem
841 630 928 690 quam
957 611 994 671 ob
1019 613 1163 691 speciem,
1193 618 1315 690 sumptu

168 720 299 780 fructum
322 738 381 779 non
406 718 621 798 extenuabant,
645 736 679 778 eo
703 721 796 797 magis
820 720 845 778 si
869 718 938 778 inde
961 729 1060 797 empta
1083 725 1175 780 erunt
1197 720 1314 798 potissi·

160 821 262 907 mum,
294 826 346 887 ubi
379 845 413 886 ea
445 833 475 886 et
507 825 584 885 bona
616 832 646 885 et
677 827 811 904 proxime
844 834 875 886 et
907 825 1049 893 vilissimo
1077 827 1137 886 emi
1164 833 1314 905 poterunt

167 936 253 995 cuius
276 935 468 994 instrumenti
491 934 570 992 varia
593 932 765 992 discrimina
788 951 822 992 ac
847 932 1005 994 multitudo
1029 934 1093 1012 agri
1111 932 1314 1012 magnitudine
1339 944 1360 997 ⁵,

142 1042 283 1123 3tinitur,
307 1041 385 1120 quod
409 1041 494 1120 plura
517 1058 602 1118 opus.
616 1047 694 1120 sunt,
718 1041 744 1099 si
762 1040 836 1100 lines
856 1040 966 1100 distant
985 1039 1050 1100 late.
1096 1039 1210 1120 ltaque,
1233 1039 1314 1100 Stolo

167 1150 277 1228 inquit,
309 1149 462 1227 proposita
491 1145 693 1224 magnitudine
722 1145 807 1206 lundi
835 1147 870 1206 de
899 1166 934 1206 eo
962 1164 1071 1225 genere
1099 1144 1173 1206 (lato
1202 1145 1314 1227 scribit,

166 1254 267 1315 oliveti
295 1257 397 1334 iugera
426 1267 513 1315 ccxc
542 1255 593 1332 qui
617 1253 742 1334 coleret,
770 1271 838 1313 eum
861 1256 1011 1314 instruere
1034 1254 1075 1313 ita
1099 1260 1255 1334 oportere,
1282 1261 1314 1313 nt

167 1361 278 1422 iaceret
301 1380 369 1422 vasa
392 1361 500 1422 olearia
524 1363 591 1437 iuga
616 1362 761 1439 quinque,
785 1379 859 1440 quae
884 1359 1069 1420 membratim
1093 1367 1260 1442 enumerat,
1282 1368 1314 1421 nt

167 1487 202 1528 ex
231 1487 299 1529 aere
327 1469 451 1548 ahenea,
479 1485 599 1546 urceos,
627 1469 836 1546 nassiternam,
864 1469 936 1528 item
963 1467 1032 1528 alia:
1060 1469 1103 1527 sic
1132 1485 1148 1526 e
1176 1465 1258 1545 ligno
1285 1474 1344 1527 etlt

165 1575 259 1657 ferro,
286 1583 320 1636 ut
347 1576 459 1655 plostra
483 1576 594 1635 maiora
617 1575 687 1656 tria,
715 1582 811 1635 aratra
835 1593 904 1634 cum
927 1574 1097 1635 vomeribus
1122 1591 1190 1654 sex,
1218 1581 1311 1635 crates

165 1685 358 1743 stercorarius
381 1690 534 1762 quattuor,
563 1683 635 1741 item
659 1680 727 1742 alia:
756 1683 799 1742 sic
822 1682 859 1741 de
883 1683 1072 1742 ferramentis
1096 1699 1173 1759 quae
1199 1682 1260 1741 sint
1282 1688 1308 1741 et

166 1796 238 1867 quot
257 1808 332 1869 opus
353 1787 611 1869 [multitudinem],
631 1796 665 1848 ut
683 1789 796 1848 ferreas
814 1795 889 1869 octo,
909 1788 1025 1849 sarcula
1038 1788 1174 1868 totidem,
1193 1787 1308 1848 dimidio

137 1898 267 1956 dminus
290 1897 380 1978 palas,
403 1898 474 1957 item
498 1896 561 1957 alia.
607 1897 679 1956 item
703 1895 824 1956 alteram
844 1894 999 1956 formulam
1017 1896 1213 1955 instrumenti
1231 1894 1308 1956 fundi

165 2004 272 2063 vinarii
299 2003 382 2084 lecit,
410 2005 441 2064 in
470 2022 527 2082 qua
557 2003 674 2084 scribit,
703 2005 728 2063 si
756 2004 795 2062 sit
819 2005 1011 2083 cingerum,
1039 2001 1150 2062 habere
1175 2009 1308 2081 oportere
1319 2003 1338 2045 ¹⁵

164 2128 231 2170 vasa
266 2110 425 2171 torcularia
458 2112 605 2189 instructa
637 2112 728 2190 trina,
761 2109 839 2169 dolia
871 2128 940 2169 cum
972 2108 1120 2188 operculis
1149 2108 1312 2170 culleorum

164 2218 417 2296 octingentorum,
455 2221 584 2279 acinaria
616 2219 733 2297 viginti,
771 2217 963 2280 frumentaria
994 2217 1111 2295 viginti,
1144 2216 1219 2276 item
1251 2217 1322 2276 eius

165 2324 246 2383 modi
269 2323 333 2384 alla.
380 2343 455 2404 quae
479 2327 578 2386 minus
601 2323 694 2384 multa
718 2323 838 2402 quidem
862 2323 921 2404 alii,
945 2323 996 2383 sed
1020 2330 1135 2383 tantum
1155 2338 1336 2383 numerum

166 2429 331 2491 culleorum
354 2432 511 2509 scripsisse
534 2439 616 2512 puto,
640 2449 677 2490 ne
701 2439 859 2508 cogeretur
877 2430 1035 2508 quotannis
1054 2429 1184 2490 vendere
1203 2432 1356 2491 vinum.

164 2543 265 2596 vetera
289 2539 367 2597 enim
392 2556 480 2616 quam
504 2556 587 2618 nova,
611 2545 641 2597 et
664 2538 766 2598 eadem
790 2538 846 2598 alio
869 2544 1003 2616 tempore
1025 2555 1114 2615 quam
1132 2536 1191 2597 alio
1210 2537 1375 2617 pluris».

139 2645 239 2706 bitem
269 2645 311 2704 sic
339 2643 375 2704 de
402 2644 648 2706 ferramentorum
672 2647 812 2705 varietate
836 2643 941 2705 scribit
962 2643 1122 2724 permulta,
1150 2651 1182 2704 et
1203 2661 1379 2723 genere

164 2757 195 2810 et
218 2750 408 2811 multitudine
432 2770 489 2830 qua
508 2754 578 2834 sint,
601 2760 634 2813 ut
653 2751 751 2834 lalces,
775 2752 865 2834 palas,
888 2759 1010 2832 rastros,
1033 2753 1075 2812 sic
1095 2750 1160 2832 alia,
1185 2768 1379 2831 quorum

236 2991 251 3039 ’1
275 2985 310 3040 de
333 3002 367 3040 eo
389 3001 492 3055 genere
517 2984 587 3042 Cato
611 2987 708 3042 scribit
727 3004 747 3041 c.
767 2992 803 3042 10
875 2991 891 3038 9
915 2986 948 3039 ut
970 3002 1005 3040 ex
1027 3001 1092 3040 aere
1111 2985 1220 3040 ahsnm
1237 2985 1368 3040 Non

161 3091 190 3142 p.
206 3078 269 3142 546,
284 3079 301 3128 5
374 3080 407 3129 14
425 3075 495 3130 item
513 3075 632 3130 alteram
651 3076 799 3130 formulam
819 3074 877 3130 Oet.
897 3091 919 3130 e.
937 3079 973 3128 11

163 3296 264 3350 canabi
286 3295 346 3349 AB
371 3297 497 3351 cannabo
521 3299 604 3354 codex
624 3297 883 3367 Moutepeosutuous
902 3296 992 3351 Nouii
1012 3313 1041 3365 p.
1060 3299 1129 3364 414,
1152 3300 1192 3352 25
1210 3307 1335 3350 canna-

162 3383 210 3438 bio
239 3386 323 3440 eadere
352 3386 502 3442 Parisinus
530 3388 620 3443 Nouii
697 3393 711 3440 1
741 3387 824 3458 sumi]
854 3403 934 3442 sumu
961 3391 993 3440 ut
1019 3386 1127 3440 videtur
1145 3384 1184 3439 A
1253 3394 1321 3436 non
1377 3428 1379 3433 .

162 3475 314 3543 potnerunt
336 3474 439 3529 codices
461 3475 551 3530 Nouii
623 3476 768 3530 3fruotus
793 3492 862 3532 corr.
886 3473 1008 3528 -1'1A
1079 3473 1262 3542 tproximae
1275 3466 1315 3524 B

234 3569 250 3617 5
269 3563 485 3617 instrumentum
504 3579 573 3618 corr.
589 3596 622 3604 —
637 3565 658 3620 t·
679 3566 707 3620 A
762 3574 777 3620 6
797 3565 881 3620 Plura
899 3579 968 3633 opus
988 3563 1054 3617 sunt
1071 3564 1104 3616 in
1121 3565 1244 3634 margine
1255 3558 1299 3616 od-

162 3653 272 3720 seripsa't
292 3652 320 3704 P
392 3655 407 3704 ‘l
431 3649 523 3719 inquit
541 3652 589 3707 Bc
611 3653 711 3723 inquid
729 3654 788 3708 PA
859 3652 1032 3708 8instruere
1055 3651 1098 3706 ita
1120 3652 1147 3706 V
1161 3648 1297 3715 instrueret

162 3740 203 3793 ita
217 3740 245 3792 A
258 3739 301 3792 ita
313 3737 451 3793 instruere
466 3755 534 3796 corr.
550 3740 685 3798 instruere
700 3743 742 3797 ita
757 3742 785 3796 Β
844 3749 859 3796 9
873 3741 942 3812 iuga
956 3739 1078 3811 quinque
1096 3741 1153 3824 VA
1166 3743 1233 3812 iuga
1244 3737 1293 3796 VB

740 3832 756 3870 n

235 3867 267 3916 10
289 3879 323 3917 ex
342 3878 405 3918 aere
424 3863 532 3920 ahenea
551 3867 580 3920 P
597 3882 630 3921 ex
649 3884 712 3922 aere
732 3882 820 3922 aenea
838 3867 867 3919 A
885 3883 919 3920 ex
937 3882 1019 3922 aerea
1037 3866 1127 3921 hensa
1147 3866 1175 3920 Β
1194 3883 1229 3921 ex
1244 3880 1292 3920 aero

163 3952 254 4006 ahena
280 3969 297 4008 c
385 3953 571 4010 nassiternam
594 3956 653 4011 PB
686 3955 856 4009 nasitemam
880 3956 930 4009 Ac
1022 3961 1052 4009 11
1086 3955 1197 4025 plostra
1220 3952 1293 4010 PAll

161 4043 287 4111 plaustra
303 4059 320 4096 o
393 4060 440 4098 sex
459 4046 549 4099 crates
568 4044 649 4099 ABo
668 4061 716 4098 sex
735 4062 756 4098 s.
777 4045 866 4098 crates
885 4043 914 4098 P
984 4050 1016 4098 12
1035 4044 1198 4100 feramentis
1212 4046 1241 4101 A

163 4137 196 4186 13
221 4131 296 4201 quod
320 4149 389 4201 opus
413 4133 624 4190 multitudinem
644 4133 736 4188 PAB
758 4135 827 4203 quot
844 4149 914 4202 opus
933 4133 970 4187 ad
988 4133 1200 4188 multitudinem
1219 4152 1245 4203 v,
1261 4131 1294 4191 ttll

162 4221 198 4274 ad
216 4219 428 4276 multitudinem
445 4224 542 4278 delenit
566 4223 683 4278 Urstaos
752 4228 785 4277 15
805 4223 853 4294 sit]
873 4221 930 4290 sint
948 4224 977 4278 Β
1046 4227 1079 4278 16
1097 4221 1173 4276 trina
1191 4239 1208 4278 v
1227 4223 1300 4280 trine

163 4310 257 4363 PAB
325 4316 358 4366 17
378 4310 518 4367 cocinaria
536 4313 595 4368 Am
648 4311 786 4366 eiusmodi
804 4311 865 4366 AB
884 4311 1009 4366 eiusdem
1031 4311 1059 4365 V
1110 4315 1144 4366 18
1163 4329 1303 4371 nnmerum

161 4397 272 4452 tantum
301 4417 369 4455 corr.
393 4402 505 4456 tantum
532 4418 679 4457 numerum
701 4401 729 4454 B
803 4406 835 4456 19
864 4422 884 4468 g
911 4400 992 4456 annis
1020 4417 1089 4456 cerr.
1118 4401 1152 4469 (it
1174 4401 1258 4458 annis
1278 4408 1305 4460 ul

160 4489 269 4543 amota
286 4488 314 4543 A
333 4489 408 4559 quod
427 4491 505 4547 annis
524 4491 582 4546 PB
601 4489 768 4561 quotannis
787 4507 803 4544 c
875 4496 908 4544 21
928 4489 1148 4546 ferramentorum
1166 4491 1196 4546 A
