3000 5026
342 352 471 408 RERVM
489 351 725 409 Rusuccuru
742 353 810 408 LIB.
829 355 842 408 Ι
862 346 984 405 38-40
1179 351 1240 414 177

60 597 64 601 ‚
96 536 113 577 e
147 527 227 578 terra
258 519 289 577 iu
322 525 446 599 terram,
482 521 563 579 vivas
595 519 723 601 radices,
757 539 832 600 quae
865 539 901 580 ex
934 519 1091 581 arboribus
1124 518 1241 597 dempta

96 625 296 685 demittuntur
318 627 349 685 iu
373 626 505 707 humum,
529 645 605 705 quae
628 629 803 688 inseruntur
826 647 862 688 ex
886 627 1043 687 arboribus
1060 628 1092 687 in
1111 624 1241 704 arbores,

96 731 133 791 de
158 720 286 810 singuiis
305 732 395 794 rebus
419 733 586 814 videndum,
611 752 686 812 quae
708 754 826 814 quoque
845 744 979 814 tempore
998 733 1122 813 locoque
1142 733 1240 792 facias.

185 838 317 900 Primum
350 858 463 920 semen,
497 841 575 919 quod
608 848 654 901 est
681 844 862 921 principium
890 842 1030 923 gerendi,
1061 841 1090 900 id
1119 838 1238 918 duplex,
1256 835 1307 895 XL

71 962 190 1008 sunum
214 945 292 1023 quod
316 945 388 1006 latet
411 954 547 1008 nostrum
570 967 699 1029 sensum,
723 949 849 1010 aiterum
873 949 952 1029 quod
971 955 1115 1029 apertum.
1161 945 1241 1027 latet,

96 1053 120 1110 si
147 1059 219 1111 sunt
242 1053 354 1112 semina
377 1055 408 1114 in
431 1073 512 1135 aere,
540 1063 574 1115 ut
597 1057 638 1115 ait
661 1055 799 1135 physicos
822 1056 1025 1135 AnaxagoraS‚
1054 1063 1084 1115 et
1108 1055 1134 1113 si
1157 1071 1241 1132 aqua,

97 1175 170 1235 quae
204 1158 302 1218 iussuit
333 1162 364 1220 iu
397 1179 513 1241 agrum,
545 1162 657 1222 inferre
690 1163 777 1245 solet,
810 1171 844 1224 ut
876 1163 980 1224 scribit
1010 1161 1241 1240 Theophrastus.

96 1263 167 1324 illud
197 1265 276 1344 quod
304 1275 427 1345 apparet
453 1267 489 1327 ad
518 1268 675 1349 agricolas,
703 1270 733 1329 id
757 1269 916 1330 videndum
940 1269 1106 1348 diligenter.
1153 1284 1240 1346 quae·

97 1370 160 1430 dam
195 1374 275 1432 enim
307 1373 342 1433 ad
376 1373 543 1452 geuendum
571 1383 729 1454 propterea
759 1395 853 1456 usque
882 1377 955 1438 adeo
983 1395 1087 1456 parva,
1119 1383 1153 1435 ut
1181 1376 1242 1433 sint

47 1477 236 1558 1oohscura‚
264 1487 298 1539 ut
326 1483 468 1559 cupressi.
515 1500 574 1542 non
602 1485 681 1542 euim
710 1483 833 1566 galbud,
862 1487 913 1564 qui
936 1490 1114 1563 nascuntur,
1141 1481 1242 1541 idest

95 1592 246 1664 tamquam
278 1587 354 1664 pilae
386 1607 493 1667 parvae
525 1591 679 1670 torticiae,
716 1591 745 1650 id
780 1611 894 1673 semen,
932 1592 983 1652 sed
1017 1593 1047 1651 iu
1080 1591 1117 1648 iis
1150 1588 1240 1648 intus.

90 1694 272 1772 primigenia
295 1696 407 1754 semina
430 1695 512 1756 dedit
530 1703 643 1777 natura,
667 1697 779 1777 reliqua
799 1701 912 1759 invenit
931 1697 1111 1777 experientia
1131 1693 1265 1754 coloni.2

89 1799 195 1877 [num]
227 1803 321 1880 prima
350 1820 425 1881 quae
448 1792 518 1862 iiue
546 1804 663 1886 colono,
692 1807 867 1885 priusquam
897 1812 972 1887 sata,
1002 1812 1083 1886 nata3
1111 1801 1240 1863 secunda

81 1926 169 1988 quae
195 1927 232 1968 ex
256 1910 293 1968 iis
316 1908 437 1970 collecta
461 1929 572 1992 neque,
596 1915 769 1992 priusquam
794 1920 865 1994 sata,
889 1921 964 1972 nata.
1010 1913 1104 1990 prima
1129 1912 1240 1970 semina

10 2044 48 2087 15
73 2015 196 2077 videre
229 2023 347 2094 oportet
380 2035 416 2076 ue
449 2024 594 2078 vetustate
627 2021 687 2079 siut
719 2027 840 2081 exsucta
873 2028 924 2080 aut
955 2037 992 2078 no
1026 2020 1086 2077 siut
1113 2016 1241 2077 admixta

64 2128 148 2189 aut
175 2142 213 2183 ue
241 2130 365 2202 propter
394 2124 618 2185 similitudinem
642 2128 702 2186 sint
724 2125 898 2187 adulterina.
945 2143 1046 2185 semen
1070 2133 1155 2184 vetus
1178 2128 1240 2181 tan-

56 2246 161 2298 tum
177 2230 265 2290 'valet
293 2232 322 2290 iu
348 2230 524 2310 quibusdam
551 2232 656 2314 rebus,
683 2240 716 2293 ut
744 2241 880 2294 naturam
908 2239 1067 2294 conuiutet.
1113 2247 1180 2290 natu
1205 2247 1240 2288 ex

47 2336 211 2404 semiue
234 2335 383 2398 brassicae
407 2346 506 2399 vetere
531 2347 593 2400 sato
617 2342 699 2401 nasci
722 2343 805 2401 aiunt
828 2359 898 2421 rapa
922 2348 952 2401 et
975 2348 1077 2402 contra
1100 2356 1136 2397 ex
1158 2354 1242 2415 rapo·

171 2584 186 2633 d
204 2581 285 2649 latet,
305 2581 327 2636 si
347 2584 411 2637 suni
430 2583 537 2638 semina
554 2583 584 2638 in
602 2601 665 2640 aere
683 2584 814 2657 Theophr.
834 2585 895 2640 oisc.
909 2585 998 2654 plaut.
1015 2582 1112 2649 1111,
1131 2584 1149 2635 4
1168 2596 1240 2635 catos.

25 2670 187 2808 ῙὶΖαπι.
207 2670 235 2722 1·
245 2676 272 2737 5,
292 2676 310 2727 2
383 2678 399 2726 8
423 2673 560 2740 quaedam
583 2674 657 2729 enim
676 2674 712 2728 ad
732 2675 890 2739 genendum
911 2673 1042 2742 Theophr.
1062 2687 1135 2726 coos.
1150 2671 1242 2740 plant.

131 2759 168 2821 A,
183 2761 200 2812 4

175 3015 186 3061 1
209 3008 239 3063 in
261 3011 365 3066 terram
389 3009 469 3065 uiuae
493 3012 572 3087 (corr.
600 3007 668 3064 uiua
685 3008 736 3078 A²)
761 3008 868 3063 radices
887 3008 978 3063 PAB
1001 3006 1030 3060 iu
1054 3010 1157 3063 terrum
1176 3006 1242 3059 uiua

35 3091 192 3151 radice
210 3116 237 3152 m
258 3098 289 3154 in
311 3102 413 3154 terram
439 3117 489 3170 per
512 3116 540 3153 se
560 3116 577 3153 a
594 3103 695 3154 natura
714 3096 771 3154 alia
789 3115 823 3154 ex
840 3097 977 3151 industria
995 3098 1027 3150 ut
1045 3094 1153 3150 faciunt
1170 3093 1242 3148 uiui-

38 3180 241 3266 radicosa
313 3195 329 3244 2
349 3189 535 3244 demittuntur
553 3189 610 3244 PB
629 3188 808 3243 dimittuniur
825 3186 874 3241 Ao

174 3281 189 3329 4
213 3277 330 3332 cenandi
349 3280 440 3334 PAB
463 3278 571 3333 oriendi
589 3295 605 3332 o
620 3321 626 3333 .
639 3278 731 3344 ‘Quod
755 3280 798 3332 est
820 3276 989 3346 principium
1007 3272 1129 3345 genendi
1144 3315 1149 3328 .
1166 3272 1242 3327 Haec

46 3361 170 3416 “ero
193 3372 231 3422 est
258 3368 334 3423 lectio
349 3389 356 3421 ι
370 3370 402 3422 io
429 3369 534 3424 excusis
561 3369 663 3425 eadem.
678 3368 825 3434 enuntio,
852 3367 899 3420 sed
924 3366 980 3420 olio
1007 3366 1103 3432 uerbo,
1128 3363 1243 3419 Otieudi

49 3429 199 3508 imitor
213 3476 220 3509 :
234 3472 321 3510 mauu
342 3458 440 3525 scripti·
461 3459 564 3512 codices
586 3453 721 3526 Cenendi,
749 3457 851 3510 usitato
873 3471 977 3521 errore,
1005 3453 1043 3523 G,
1066 3455 1098 3507 io
1117 3451 1152 3521 0,
1175 3469 1243 3506 com-

56 3536 227 3599 mutandi
246 3587 252 3600 .
271 3545 314 3600 De
340 3547 390 3600 hoo
421 3548 503 3601 uerbo
534 3547 619 3616 poulo
651 3551 714 3599 oute
742 3545 878 3614 copiosius
905 3545 1048 3599 disserui:
1067 3543 1146 3609 iufra
1171 3543 1243 3607 item,

60 3610 145 3678 Ad
171 3636 333 3704 ponendum,
368 3636 511 3691 emendasti
525 3657 532 3690 ε
546 3636 595 3690 obi
631 3636 719 3689 eodem
751 3639 835 3704 poeto
871 3641 953 3690 oeteo
980 3638 1121 3703 peccatum
1152 3631 1244 3698 soeret

70 3731 244 3814 Victorius
298 3760 467 3830 ophysicos
486 3758 543 3814 PA
561 3758 685 3828 phisioos
704 3759 732 3813 B
750 3757 916 3828 physicuso
971 3758 995 3812 si
1013 3758 1099 3829 aqua]
1118 3732 1198 3827 sidua
1216 3759 1244 3812 B

67 3829 88 3875 9
125 3848 175 3903 ad
198 3851 352 3904 cenendum
371 3850 521 3918 propterea
542 3866 630 3917 usque
649 3847 719 3903 adeo
744 3847 836 3904 PAB
854 3848 890 3902 ad
909 3847 1055 3902 oriendum
1074 3849 1244 3916 saniusque

69 3921 203 3995 adeoc
271 3939 432 4009 propterea]
451 3940 566 4005 sortasse
586 3935 727 4008 principia
782 3931 965 4005 11tanqua1'n
986 3936 1074 3991 VAB
1125 3942 1157 3989 13
1177 3955 1244 3989 num

65 4015 192 4084 1³1'iura
210 4045 283 4096 quae
302 4026 363 4081 sine
377 4027 435 4083 PB
452 4046 519 4081 num
538 4028 627 4097 prima
646 4027 705 4080 sine
723 4026 751 4081 A
768 4044 824 4081 non
842 4025 934 4096 prima
953 4024 1012 4079 sine
1026 4042 1052 4078 m
1067 4025 1139 4077 unde
1152 4025 1259 4092 prima*

69 4104 173 4173 quaa
193 4119 287 4172 sineo
350 4117 430 4186 num]
452 4133 519 4171 nam
540 4115 675 4171 Gesoeros
737 4121 771 4169 14
790 4115 922 4184 collecta]
942 4112 1050 4166 coleoiu
1069 4113 1096 4166 A
1154 4128 1243 4179 neque
1278 4173 1280 4179 Ι

69 4191 262 4275 priusquam
283 4205 308 4259 V
324 4221 414 4274 neque
432 4205 567 4276 priusqua
581 4206 610 4260 A
628 4221 718 4274 neque
737 4202 815 4274 prius
834 4201 853 4256 s'
873 4218 964 4270 quam,
983 4203 1030 4256 sed
1048 4201 1069 4255 s'
1089 4201 1203 4256 deletum
1216 4200 1245 4255 Β

174 4299 207 4349 15
226 4295 292 4348 sunt
315 4296 428 4348 exsucta
445 4295 483 4351 A·
532 4294 648 4348 adiuxta
669 4311 738 4348 corr.
759 4291 883 4363 admixta
901 4290 929 4344 A
988 4295 1021 4343 16
1040 4291 1097 4345 sini
1110 4295 1245 4360 postremo

71 4352 159 4438 ῖοοο
175 4384 389 4453 superscriptum
411 4384 443 4437 iu
460 4384 488 4438 B
544 4389 575 4438 17
595 4384 748 4453 commutet
771 4381 860 4436 VAB
915 4385 948 4434 18
967 4396 1018 4433 nas
1034 4383 1039 4450 Ι
1056 4378 1136 4435 sciA
1153 4375 1244 4432 nasci-

70 4443 191 4533 b³³13

978 4559 1032 4612 12*
