3000 5026
145 279 211 344 256
637 279 824 335 VARRONIS

120 445 257 524 3reliqui
280 453 393 524 parent.
439 447 478 505 ita
502 452 599 505 temen
623 454 741 524 oportet
764 455 858 505 aetate
878 453 1039 524 praestare,
1061 453 1095 506 ut
1114 463 1152 505 ue
1171 453 1295 525 propter

144 559 329 612 senectutem
363 554 461 611 minus
494 555 642 612 sustinere
672 553 766 630 possit
795 551 920 611 labores.
972 569 1069 630 neque
1097 553 1179 611 enim
1207 570 1294 612 senes

145 678 241 738 neque
270 660 357 736 pueri
385 657 502 718 callium
531 657 734 718 difficultatem
764 676 797 717 ac
826 661 971 719 montium
999 658 1178 719 arduitatem
1204 666 1294 737 atque

72 842 80 853 θ
144 768 333 845 asperitatem
357 765 442 825 facile
467 765 575 844 lerrrnt,
600 766 677 843 quod
702 765 875 844 patiendum
898 765 965 846 illis,
990 768 1041 844 qni
1060 783 1167 843 greges
1187 783 1314 825 secun·

143 882 206 953 tur,
234 874 411 952 praesertim
439 874 629 931 armenticios
658 891 691 932 ac
716 873 867 952 caprinos,
896 872 1006 951 quibus
1030 889 1121 950 rupes
1144 889 1179 930 ac
1202 869 1294 930 silvae
1321 884 1333 923 ⁵

143 979 178 1039 ad
207 979 407 1059 pabulandum
433 978 524 1038 cordi.
571 979 681 1038 formae
706 977 859 1038 bominum
883 978 1024 1057 legendae
1048 986 1082 1038 ut
1105 980 1167 1037 sint
1189 978 1293 1037 firmae

143 1104 176 1145 ac
209 1086 338 1167 veloces,
372 1086 509 1166 mobiles,
542 1086 687 1163 expeditis
717 1085 872 1164 membris,
905 1088 957 1164 qui
985 1104 1043 1145 non
1073 1085 1171 1145 solum
1199 1103 1294 1163 pecus

143 1194 228 1270 sequi
251 1195 379 1274 possint,
404 1194 456 1253 sed
480 1195 568 1253 etiam
591 1212 607 1252 a
632 1192 735 1252 bestiis
758 1211 792 1251 ac
817 1192 1016 1270 praedonibus
1040 1189 1217 1270 defendere,
1242 1193 1294 1269 qui

142 1317 232 1359 onera
260 1299 401 1359 extollere
429 1303 459 1360 in
488 1302 618 1359 iumenta
647 1301 775 1378 possint,
804 1301 856 1377 qui
881 1317 1055 1377 excurrere,
1084 1300 1137 1376 qui
1160 1296 1293 1358 iaculari.

115 1410 205 1466 4non
229 1409 325 1466 omnis
348 1414 415 1485 apta
439 1409 518 1466 natio
543 1406 577 1466 ad
602 1408 779 1487 pecuariam,
803 1406 881 1483 quod
905 1423 1002 1484 neque
1025 1403 1170 1465 Resculus
1194 1423 1293 1483 neque
1307 1418 1331 1457 1⁰

142 1512 294 1574 Turdulus
327 1514 440 1592 idonci,
473 1512 547 1573 Galli
577 1513 802 1592 adpositissimi,
836 1514 961 1572 maxime
994 1512 1030 1571 ad
1064 1513 1206 1573 iumenta.
1262 1514 1292 1572 in

142 1620 343 1698 emptionibus
366 1620 518 1680 dominum
542 1619 705 1698 legitimum
731 1638 782 1679 sex
807 1620 869 1679 lere
893 1637 942 1679 res
966 1620 1125 1698 perficiunt
1139 1639 1147 1679 :
1162 1621 1189 1679 si
1208 1618 1293 1680 here·

142 1727 264 1787 ditatem
291 1730 399 1791 iustam
428 1727 513 1806 adiit3
542 1728 580 1805 si,
609 1735 642 1787 ut
670 1725 786 1805 debuit,
815 1728 963 1805 mancipio
992 1727 1028 1787 ab
1059 1745 1094 1787 eo
1119 1728 1249 1807 accepit,
1276 1745 1291 1785 a

142 1853 201 1912 quo
229 1836 294 1894 iure
325 1834 404 1893 civili
433 1835 544 1914 potuit3
571 1843 622 1893 ant
650 1835 675 1893 si
704 1835 733 1892 in
758 1835 824 1892 iure
848 1836 952 1914 cessit,
981 1836 1030 1895 cui
1052 1835 1153 1913 potius
1177 1833 1294 1914 cedere,

141 1950 172 2000 et
198 1941 228 2000 id
258 1940 308 2001 nbi
333 1943 465 2019 oportuit
490 1939 584 2020 [ubi];
612 1948 663 2000 aut
687 1942 711 1999 si
737 1958 793 2000 usu
816 1942 909 2020 cepit3
937 1948 988 2001 aut
1011 1942 1037 1999 si
1060 1959 1076 1999 e
1100 1940 1212 2019 praeda
1236 1940 1345 2000 subse

141 2065 249 2107 corona
273 2049 360 2128 emit3
383 2056 482 2108 tumve
506 2065 575 2107 cum
598 2048 629 2106 in
652 2046 738 2106 bonis
758 2048 925 2106 sectionem
945 2049 1032 2106 cuius
1050 2047 1171 2126 publice
1191 2050 1290 2108 veniit.

116 2155 176 2213 5in
204 2153 309 2214 horum
338 2157 487 2233 emptione
515 2153 590 2214 solet
613 2154 754 2214 accedere
778 2152 926 2232 peculium
950 2161 1001 2214 aut
1023 2156 1120 2233 excipi
1142 2161 1173 2215 et
1197 2157 1289 2233 stipu-

140 2258 210 2319 latio
238 2261 439 2341 intercedere,
467 2279 571 2321 sanum
600 2278 679 2340 esse,
707 2261 795 2320 furtis
824 2262 968 2338 noxisque
997 2260 1142 2342 solutum,
1171 2270 1237 2341 aut,
1265 2263 1290 2320 si

139 2369 287 2446 mancipio
316 2385 374 2427 non
403 2367 504 2446 datur,
538 2366 632 2446 dupla,
655 2369 801 2447 promitti,
833 2375 896 2446 aut,
929 2368 955 2426 si
983 2369 1023 2426 ita
1050 2370 1143 2447 pacti,
1173 2367 1286 2447 simpla.

229 2628 420 2682 isubstinerc
434 2627 462 2680 B
548 2643 627 2682 senes
653 2628 709 2681 VB
733 2644 816 2682 senex
834 2627 893 2681 Am
978 2626 1185 2682 tarduitatem
1204 2630 1287 2696 atquc

139 2716 320 2785 asperitatem
334 2718 383 2771 Bo
402 2716 572 2771 arduitatem
590 2716 681 2785 adque
701 2718 871 2786 aspertatem
885 2717 915 2769 P
928 2716 1097 2771 arduitatem
1113 2722 1118 2785 1
1134 2719 1165 2771 et
1184 2716 1286 2788 asperi·

138 2805 241 2873 tatem,
258 2807 305 2860 scd
323 2809 352 2860 et
369 2807 402 2861 s'rr
419 2807 543 2876 morpinc
561 2807 731 2874 adscriptum
750 2806 777 2859 A
855 2812 872 2858 4
891 2822 972 2874 reges
991 2806 1018 2858 A
1036 2821 1107 2860 corr.
1127 2823 1229 2876 greges
1249 2805 1287 2859 A'
1307 2811 1316 2836 ²

227 2898 358 2950 secuntur
381 2897 441 2949 AB
465 2897 618 2963 sequuntur
640 2895 667 2948 V
754 2901 768 2949 'l
797 2892 919 2948 menbris
944 2893 972 2947 A
1063 2899 1094 2948 11
1124 2895 1310 2965 adpositissij

138 2983 257 3038 maxime
272 2986 299 3037 A
313 2983 450 3053 appositis
465 2985 488 3038 si
502 2983 622 3038 maxime
637 2984 694 3037 PB
709 2985 775 3038 sunt
788 2983 908 3037 maxime
924 2982 1088 3052 appositior
1102 2984 1228 3054 appositi
1239 2983 1304 3039 sed!

137 3072 257 3127 maxime
276 3090 300 3128 o.
339 3072 426 3126 ‘Galli
449 3071 661 3142 appositissimi,
686 3073 807 3126 maxime
831 3072 867 3124 ad
891 3071 1017 3126 iumenta
1031 3113 1038 3126 .
1053 3072 1104 3127 Ita
1126 3075 1266 3144 cuatipcsrsr'
1278 3095 1295 3126 ;

138 3168 232 3229 corea,
256 3162 399 3232 Appositi‚
423 3162 473 3216 sed
490 3161 623 3229 maxime,
649 3161 702 3215 etc.
722 3163 801 3215 cuius
822 3162 944 3215 lectionis
962 3163 1120 3231 larrpuorcm
1138 3163 1235 3230 facile,
1257 3170 1290 3217 st

137 3251 272 3318 arbitror,
296 3253 443 3322 r'rrtellipet,
466 3253 515 3320 qut
534 3255 633 3304 attente
646 3250 802 3318 perspiciet.
845 3250 971 3319 Antiqua
990 3251 1067 3304 lectio
1085 3267 1202 3318 umnec,
1220 3270 1284 3322 pror

137 3344 227 3393 tameo
254 3345 312 3395 tuto
336 3345 428 3408 posset
451 3342 554 3410 corripi
569 3361 575 3393 :
591 3337 666 3391 Galli
688 3337 848 3408 appositissi
871 3338 1005 3406 maxime,
1035 3341 1088 3395 etc.
1125 3338 1165 3394 In
1188 3344 1278 3411 optim

136 3430 226 3484 codice
247 3435 329 3496 recta,
352 3446 421 3498 quac
445 3430 532 3483 locum
554 3429 710 3482 bundorum
733 3443 787 3481 csse
810 3428 960 3495 indicaret,
984 3429 1112 3497 apposita
1130 3430 1201 3484 eral’
1229 3432 1272 3486 Vir

136 3520 224 3572 terim
316 3523 348 3570 12
369 3516 512 3571 dominum
531 3517 592 3571 AB
612 3517 764 3572 dominium
788 3515 815 3568 V
901 3515 1072 3586 legittimum
1092 3519 1119 3571 B
1216 3519 1266 3574 ferr

136 3605 223 3659 fetere
247 3606 273 3658 A
358 3611 390 3659 13
413 3605 485 3659 adiit
507 3623 555 3660 roo
579 3607 639 3660 adit
663 3607 722 3661 PB
745 3605 826 3673 addit
850 3604 877 3658 A
959 3612 992 3658 14
1015 3605 1102 3661 cessit
1124 3606 1170 3661 cui
1194 3610 1260 3679 porr

137 3695 235 3749 cedere
254 3694 344 3748 PAR
364 3695 408 3748 cui
426 3695 509 3750 cessit
527 3697 621 3765 potuit
635 3698 732 3751 cedere
751 3712 767 3749 r
787 3692 871 3748 cessit
890 3694 934 3746 cui
952 3695 1047 3764 potuit
1065 3696 1165 3750 cedere
1184 3697 1254 3752 Iucu

137 3784 189 3838 dus
216 3783 301 3838 cessit
326 3784 375 3852 qui
396 3783 491 3853 potuit
513 3786 611 3840 cedere
635 3785 776 3840 Gesnerua.
822 3783 884 3836 ‘Cui
908 3783 1002 3851 potuit
1025 3785 1132 3840 cedere.
1177 3786 1246 3841 Vctu

137 3873 213 3927 lertio
231 3873 343 3928 diuersa
347 3915 357 3941 ,
381 3879 418 3941 ct,
441 3880 473 3929 ut
490 3875 625 3941 arbitror,
650 3879 794 3942 corrupta,
813 3870 864 3925 Cui
883 3872 976 3941 potius
996 3872 1102 3927 cedere.
1141 3875 1190 3930 Sic
1208 3877 1243 3930 cti

135 3979 192 4018 rior
219 3965 304 4018 multo
326 3968 390 4033 post
413 3965 487 4018 locere
510 3965 592 4018 acme
614 3963 757 4016 mordetur
771 3982 779 4014 :
793 3961 881 4014 Vnius
905 3961 1039 4029 cuiusque
1063 3963 1157 4030 gisnes
1180 3980 1236 4034 gret

139 4051 276 4109 Victorius
355 4059 386 4106 15
411 4053 460 4107 ubi
484 4053 609 4123 oportuit
631 4051 680 4105 nbi
707 4055 756 4105 aut
775 4050 799 4105 si
818 4068 869 4104 usu
889 4050 964 4119 cepit
984 4050 1075 4104 PAR
1093 4051 1142 4104 ubi
1164 4069 1230 4123 opor

135 4142 175 4195 ibi
199 4145 249 4196 aut
266 4159 319 4195 usu
338 4143 413 4210 cepit
430 4160 447 4196 o
465 4142 514 4196 ubi
533 4142 657 4210 oportuit
675 4140 724 4194 aut
744 4139 768 4194 si
787 4140 915 4208 usucepit
933 4139 1080 4193 Iracundus
1156 4148 1188 4195 16
1213 4160 1224 4196 e

136 4245 204 4283 corr.
228 4230 297 4284 emit
315 4231 342 4284 A
423 4232 512 4284 ueniit
532 4230 622 4284 PAB
645 4230 724 4283 uenit
740 4248 757 4283 o
849 4235 881 4283 17
905 4231 955 4281 aut
978 4229 1099 4298 excipiet
1120 4231 1215 4284 PAB

135 4316 161 4370 si
184 4317 304 4387 excipiet
325 4335 342 4372 v
365 4321 415 4373 aut
438 4320 461 4374 si
485 4320 576 4389 excipi
599 4322 628 4374 et
649 4319 795 4374 Iucundos
870 4324 901 4373 18
930 4335 995 4373 saue
1019 4334 1082 4372 eum
1107 4336 1168 4373 esse
1195 4321 1213 4373 1

136 4423 235 4461 sanum
254 4423 317 4461 eum
336 4425 395 4462 esse
414 4425 430 4461 o
