3000 5026
182 314 225 378 82
673 314 829 370 CATONIS

182 483 327 561 aestiuas,
350 481 513 562 platanum,
537 481 609 542 haee
634 483 732 542 omnia
756 500 864 560 genera
888 501 903 541 a
928 481 1075 560 capitibus
1094 484 1252 560 propagari
1267 484 1328 542 exi-

181 591 281 668 mique
305 588 340 647 ad
366 588 444 648 hunc
468 589 587 648 modum
612 589 770 667 oportebit.
808 607 883 666 quae
908 587 1079 666 diligentius
1099 590 1159 648 seri
1174 588 1273 683 pples
1296 590 1328 648 iu

143 698 161 755 3
181 694 323 755 calicibus
347 696 406 755 seri
431 704 556 773 oportet.
594 697 624 755 iu
649 695 814 776 arboribus,
839 695 954 755 radices
979 694 1022 754 uti
1046 696 1175 774 capiant,
1204 695 1328 755 calicem

181 810 336 880 pertusum
356 804 464 862 sumito
489 803 543 862 tibi
562 811 613 863 aut
627 802 799 881 quasillum:
823 820 877 880 per
892 820 959 861 eum
976 801 1121 862 ramulum
1137 808 1328 864 transserito:

181 927 248 968 eum
273 909 429 987 quasillum
453 916 533 969 terra
557 908 668 987 inpleto
692 908 876 988 calcatoque,
900 911 931 968 in
946 907 1051 968 arbore
1066 908 1237 987 relinquito.
1275 909 1328 969 ubi

179 1013 391 1095 himmerit,
420 1035 534 1076 ramum
559 1025 695 1076 tenerum
725 1015 802 1075 inira
831 1015 1007 1094 praecidito‚
1037 1032 1105 1074 cum
1134 1015 1260 1093 quasillo
1284 1034 1328 1076 se·

182 1125 248 1183 rito.
286 1141 321 1182 eo
345 1107 431 1210 niodo
456 1123 534 1206 quod
559 1125 602 1183 vis
626 1141 721 1211 genus
745 1122 884 1182 arborum
909 1122 1005 1182 lacere
1025 1130 1094 1200 pot
1063 1140 1138 1207 jis
1153 1123 1198 1182 uti
1212 1122 1328 1182 radices

81 1228 255 1289 4110110
279 1227 415 1290 habeant
452 1232 524 1291 item
548 1232 590 1290 vit
592 1248 638 1289 em
668 1231 698 1288 in
723 1229 881 1308 quasillum
904 1235 1064 1308 propagato
1088 1235 1228 1307 terraque
1252 1228 1328 1289 bene

180 1337 308 1416 operito,
333 1355 409 1396 anno
433 1346 500 1416 post
524 1338 700 1416 praecidite,
725 1355 792 1397 cum
817 1336 903 1415 qualo
928 1338 1028 1395 serito.

36 1452 164 1510 cxxxlv
271 1441 450 1546 Priusquam
477 1446 596 1504 messim
626 1445 729 1523 facies,
758 1461 877 1521 porcam
906 1442 1131 1521 praecidancarn
1159 1436 1217 1502 hoc¹
1241 1442 1328 1503 modo

147 1549 247 1607 lieri
271 1557 397 1629 oportet.
435 1550 537 1611 Cereri
562 1550 665 1630 [porca
680 1548 888 1629 praecidanea]
903 1568 994 1628 porco
1010 1549 1130 1629 femina,
1154 1550 1328 1628 priusquam

181 1654 269 1727 hasce
293 1656 394 1736 fruges
418 1657 542 1739 condas,
562 1658 655 1739 tart
643 1659 790 1736 triticum,
814 1656 973 1736 hordeum,
997 1654 1102 1736 labam,
1127 1674 1228 1715 semen
1253 1657 1328 1734 rapi·

180 1763 268 1821 cium
310 1771 377 1824 ture
405 1766 473 1824 vino
500 1763 569 1825 lano
598 1762 659 1824 lovi
687 1762 794 1824 lunoni
822 1763 968 1843 praelato,
1000 1764 1175 1841 priusquam
1202 1781 1328 1840 porcum

141 1869 317 1931 2leminam
342 1870 505 1931 inmolahis.
543 1870 612 1931 lano
641 1878 755 1931 struem
784 1877 949 1930 ommovcto
979 1871 1034 1949 sic,
1064 1865 1143 1928 ‘lane
1172 1877 1271 1950 pater,
1299 1878 1328 1930 te

177 1975 232 2035 hac
257 1984 339 2037 strue
363 1978 555 2038 ommorourla
584 1977 677 2038 bonas
702 1996 807 2056 preces
835 1995 955 2055 precor,
981 1977 1029 2049 uti
1052 1975 1237 2062 5100101015
1260 1995 1327 2055 pro·

177 2085 269 2163 pitius
294 2084 367 2164 milri
390 2085 552 2169 liberisque
576 2088 650 2170 meis
674 2086 760 2145 domo
787 2084 972 2162 familiaeque
992 2078 1094 2142 meae'
1132 2070 1243 2144 sertum
1266 2083 1328 2144 lori

178 2198 342 2250 ommoveto
358 2198 387 2250 et
408 2200 534 2251 mactato
554 2193 605 2271 sic,
630 2186 783 2271 ‘luppiteq
808 2200 837 2251 tc
862 2191 917 2250 hoc
941 2191 1016 2250 terto
1037 2188 1221 2249 obmovenrlo
1236 2189 1328 2251 bonas

178 2313 283 2372 preces
307 2314 427 2379 precor,
451 2299 507 2382 ud
519 2299 578 2375 sies
598 2296 698 2377 vplens
713 2299 860 2380 promtius
876 2297 948 2379 nffli
962 2296 1124 2379 lihfflsque
1140 2299 1215 2380 nmis
1240 2297 1326 2356 domo

140 2409 158 2467 3
180 2401 366 2481 familiaeque
389 2421 472 2462 meae
496 2412 610 2464 mactus
633 2403 690 2463 lroc
715 2399 811 2464 lerto’.
848 2411 950 2483 postea
974 2403 1043 2463 lano
1063 2405 1163 2463 vinum
1178 2403 1247 2464 dato
1272 2406 1324 2483 sic,

248 2650 265 2698 4
285 2644 387 2698 sumito
407 2645 453 2699 Ac
525 2647 574 2698 aut
593 2642 745 2715 quasillum
760 2645 819 2699 AR
838 2648 888 2700 aui
907 2646 1045 2715 quasilum
1061 2646 1089 2698 P
1103 2647 1153 2699 aut
1172 2647 1325 2715 quassilum

176 2749 200 2786 r.
240 2732 309 2786 ‘Aut
328 2732 486 2800 quasillum.
524 2733 571 2788 Ito
590 2751 656 2788 sane
678 2740 716 2789 est
738 2736 770 2789 in
792 2753 877 2790 rnann
895 2737 1019 2803 seraptis,
1048 2741 1074 2789 et
1100 2736 1141 2788 ito
1165 2736 1219 2805 leqi
1242 2737 1325 2804 debet,

178 2837 235 2876 non
250 2819 426 2888 Quassillum
445 2827 476 2874 nt
494 2822 526 2874 in
544 2823 681 2891 impressis
699 2824 743 2876 die
760 2839 863 2891 senqaer
881 2823 954 2877 erot'
975 2822 1113 2876 Victorius
1198 2842 1249 2893 per
1262 2841 1324 2879 eum

175 2926 261 2978 oper
279 2926 313 2963 ea
335 2909 430 2963 PAR
501 2909 665 2965 transserito
685 2911 742 2964 PR
760 2911 923 2965 transferito
941 2911 991 2965 Ao
1064 2913 1250 2979 oqoasiuum
1265 2915 1324 2968 AR

176 2997 330 3066 quassilum
355 2998 380 3049 V
467 2997 574 3066 inpleto
593 3000 620 3052 A
646 2998 737 3067 spreto
763 2999 789 3052 V
810 2998 926 3068 impleto
944 2999 972 3052 R
1062 3001 1204 3054 tibimum
1226 3003 1328 3057 PAoe

176 3086 300 3140 bienium
319 3088 337 3153 f
350 3085 529 3142 bienniumo
603 3086 722 3154 quasillo
738 3088 799 3142 AR
818 3087 926 3156 quasilo
944 3087 972 3139 P
988 3086 1147 3155 quassilor
1220 3094 1236 3143 8
1257 3108 1328 3160 quo-

176 3191 269 3245 sillum
288 3192 349 3246 AR
368 3191 508 3262 quusilum
530 3193 558 3244 P
576 3190 762 3260 quassilumn
834 3195 976 3265 terraque]
992 3182 1068 3262 iroq3
1088 3195 1114 3247 A

248 3304 281 3351 10
299 3299 331 3351 R.
352 3297 462 3353 OXLlll
481 3299 571 3366 spatio
594 3299 784 3366 inscriptionis
802 3318 888 3355 coeno
905 3303 999 3355 relicto
1018 3302 1044 3354 A
1074 3300 1233 3371 Antequam
1253 3321 1328 3358 mes

178 3403 236 3440 sem
256 3384 374 3456 incipias
394 3388 426 3440 11
444 3401 559 3455 porcum
579 3386 794 3454 praecidoueum
814 3389 900 3444 facias
918 3407 944 3457 o,
963 3391 1013 3443 nbi
1031 3393 1115 3444 vacat
1134 3393 1283 3461 adscripsit
1298 3393 1328 3445 t!

177 3478 338 3544 Antequam
356 3493 475 3530 messem
494 3473 614 3544 incipias
633 3478 664 3529 111
682 3495 795 3547 porcam
814 3479 1027 3547 praecidaneam
1047 3478 1135 3533 facias
1155 3481 1251 3536 bViet.

175 3564 286 3619 messim
306 3565 424 3630 arton,
443 3579 563 3617 messem
587 3564 613 3617 V
628 3567 726 3620 messis
744 3569 771 3621 A
861 3575 893 3621 11
916 3568 1119 3637 Cereriporca
1138 3570 1328 3638 praecisione*-

174 3655 282 3708 sectnsit
305 3653 458 3706 Pontedera
482 3670 513 3721 p.
533 3657 569 3707 73
659 3654 751 3710 Cereri
777 3658 834 3711 VR
863 3658 936 3712 cerei
954 3658 982 3712 A
1074 3664 1105 3711 12
1125 3659 1210 3714 hasce
1230 3660 1328 3730 frug&

175 3743 330 3795 condantur
353 3740 449 3795 VAR.
486 3743 571 3798 haece
600 3743 695 3814 fruges
724 3747 878 3801 condantur
901 3752 926 3800 et
953 3747 1050 3801 deinde
1078 3747 1143 3802 faba
1169 3749 1276 3818 Popmu
1298 3771 1324 3801 ι

177 3831 331 3886 Pontedera
402 3831 536 3897 hordeum
556 3834 626 3900 Aof
644 3835 758 3889 ordeum
782 3836 825 3890 Vb
898 3837 1032 3906 capicium
1057 3836 1102 3891 Vb
1120 3836 1257 3908 capitium
1275 3838 1328 3892 A)

246 3945 279 3992 13
298 3941 379 3995 thure
405 3939 493 3994 VAR
563 3940 662 3996 Iunoni
680 3943 939 3999 deteritMenrstns
1019 3944 1158 4014 praefato]
1177 3944 1328 4014 praefecti

173 4034 204 4082 ut
222 4030 329 4084 nidctnr
347 4031 375 4084 A
458 4037 491 4084 14
509 4030 659 4086 immolabis
678 4048 692 4084 c
710 4030 870 4086 immolabis
895 4032 976 4084 VAb
1058 4037 1207 4088 0611011010
1232 4034 1315 4087 VA-

174 4123 206 4170 15
226 4120 412 4173 ommouenda
432 4120 511 4174 PAe
530 4120 731 4174 commonenda
750 4121 804 4187 bfo
877 4129 942 4188 poss
961 4123 1028 4188 poor
1037 4121 1073 4187 A,
1092 4123 1155 4174 item
1171 4127 1267 4188 posteo

175 4265 206 4312 16
226 4259 328 4310 fertum
347 4258 408 4311 Ioui
423 4263 536 4315 moneto
551 4260 636 4314 VAR
710 4265 741 4314 17
760 4259 934 4345 iuppiterlbc
953 4221 1102 4331 1111110114,
1122 4262 1229 4332 iupiter
1247 4263 1273 4318 V

173 4345 245 4399 terto
265 4346 440 4401 obmouendo
460 4349 513 4416 bfo
539 4350 626 4403 tereto
647 4350 822 4403 obrisouendo
843 4352 931 4427 PAe
1012 4358 1044 4405 18
1063 4350 1104 4404 uti
1125 4351 1179 4405 sies
1199 4353 1253 4420 bfo
1278 4365 1328 4405 os

174 4433 210 4488 sis
231 4435 308 4488 PAc
382 4442 414 4489 19
434 4437 487 4491 hoc
505 4438 576 4491 10110
600 4438 642 4491 Vc
661 4439 714 4492 hoc
732 4437 820 4493 farcio
840 4440 912 4506 Aof
979 4441 1058 4509 dato]
1077 4441 1162 4494 domo
1182 4444 1208 4495 A
