3000 5026
418 1125 473 1220 M.
507 1122 742 1220 TERENTI
774 1121 1054 1243 VARRONIS

247 1290 428 1362 nnuvu
460 1287 798 1363 uvsrroanvu
831 1289 897 1359 nn
927 1287 1231 1360 vincurius

560 1429 910 1502 Pusrrouiuvs

499 1573 678 1647 niune
720 1573 976 1646 cunutus

145 1790 157 1848 l
257 1789 329 1850 Cum
359 1789 433 1848 duae
463 1790 538 1848 vitae
567 1787 691 1848 traditae
720 1789 780 1848 sint
802 1787 970 1868 hominum,
998 1789 1109 1849 rustica
1134 1796 1164 1848 et
1188 1788 1309 1870 urbana,
1334 1797 1354 1835 ὃ

167 1895 283 1980 quidni,
309 1895 409 1976 Pinni,
433 1894 557 1955 dublum
576 1914 635 1955 non
655 1903 700 1955 est
719 1896 792 1973 quin
810 1894 865 1954 hae
885 1913 945 1955 non
965 1895 1060 1955 solum
1079 1895 1143 1955 loco
1164 1895 1311 1956 discretae

167 2004 239 2083 sint,
267 2001 318 2062 sed
347 2004 434 2063 etlam
464 2011 597 2080 tempore
626 2002 772 2062 diversam
800 2004 944 2080 originem
973 2002 1108 2062 habeant.
1160 1975 1312 2080 antiquior

167 2111 245 2168 enim
267 2108 359 2168 multo
379 2111 499 2190 rustica,
523 2111 602 2188 quod
623 2111 679 2171 luit
697 2118 823 2190 tempus,
848 2128 916 2169 cum
934 2127 1005 2169 rura
1025 2108 1157 2169 colerent
1176 2109 1312 2170 homines

140 2222 266 2295 tneque
291 2216 395 2276 urbem
422 2215 573 2277 haherent.
620 2219 729 2277 etenim
757 2218 990 2278 vetustissimum
1014 2217 1156 2295 oppidum
1180 2235 1252 2277 cum
1276 2218 1312 2276 sit

167 2325 306 2384 traditum
335 2342 474 2401 graccum
498 2323 636 2385 Boeotiae
660 2324 791 2405 Thebae,
819 2324 898 2402 quod
923 2341 975 2384 rex
999 2323 1114 2403 Ogygos
1138 2323 1355 2405 aedificarit,¹

165 2434 197 2491 iu
221 2449 290 2509 agro
315 2430 446 2489 Romano
470 2430 575 2510 Roma,
605 2449 692 2510 qnam
716 2431 860 2490 Romulus
883 2449 950 2508 rex,
977 2429 1071 2508 [nam]
1095 2432 1127 2490 in
1150 2431 1208 2491 hoc
1233 2450 1311 2491 nunc

166 2539 294 2616 denique
318 2544 365 2596 est
387 2544 421 2596 ut
444 2536 503 2596 dici
525 2540 633 2619 possit,
658 2556 716 2597 non
741 2557 808 2599 cum
832 2537 947 2598 Ennius
971 2539 1105 2618 scripsit,

278 2645 458 2722 septingenti
482 2653 551 2705 sunt
574 2645 661 2724 paulo
685 2645 752 2724 plus
776 2648 949 2707 autminus
973 2646 1056 2725 anni,

152 2826 155 2831 g
277 2759 401 2829 augusto
425 2753 549 2829 augurio
573 2760 729 2832 postquam
754 2753 855 2814 inclita
878 2752 998 2844 'conditg
1019 2751 1111 2812 Roma
1135 2763 1195 2834 est,

140 2858 301 2939 3Thebac,
335 2877 409 2936 quae
442 2867 509 2920 ante
542 2861 739 2941 cataclysmon
772 2861 866 2941 Ogygi
897 2859 1033 2921 conditae
1065 2860 1221 2942 dicuntur,
1259 2880 1309 2921 eae

166 2976 262 3024 tamen
288 2967 408 3026 circiter
431 2966 490 3027 duo
514 2968 594 3029 milia
617 2987 762 3028 annorum
784 2978 814 3028 ct
837 2976 956 3029 centum
977 2975 1054 3027 sunt.
1092 2966 1172 3045 quod
1192 2975 1328 3046 tempus

166 3069 192 3131 si
220 3072 331 3132 referas
360 3072 396 3132 ad
424 3072 496 3133 illud
524 3076 717 3155 principium,
747 3093 804 3153 quo
834 3076 897 3154 agri
925 3073 983 3134 coli
1005 3081 1075 3133 sunt
1098 3076 1198 3151 coepti
1221 3082 1352 3153 atque

236 3250 250 3297 1
280 3244 316 3300 M.
341 3244 481 3300 TERentI.
506 3245 637 3301 Varronis
657 3288 663 3300 .
683 3246 786 3300 Rerum
809 3245 987 3302 Raeticarum
1002 3285 1009 3300 .
1025 3243 1090 3300 LIB.
1110 3245 1144 3299 ΙΙ.
1168 3245 1292 3314 Explicit

165 3332 266 3402 incipit
285 3332 357 3387 Dere
381 3334 513 3401 pecuaria
527 3374 533 3387 .
549 3333 633 3388 LIBri
649 3376 654 3387 .
670 3334 716 3387 HI.
736 3333 857 3388 feliciter
874 3335 901 3387 A
921 3333 957 3389 M.
977 3333 1153 3388 TERENTII
1173 3335 1314 3390 VARRO

164 3422 222 3476 NIS
246 3422 374 3477 RERVM
397 3422 634 3477 RVSTICARVM
653 3422 762 3476 LIBER
781 3422 970 3477 SECVNDVS
989 3421 1157 3476 EXPLICIT
1175 3422 1355 3478 INCIPIZ'

164 3511 212 3564 DE
246 3511 444 3565 VILLATICIS
477 3512 714 3567 PASTIONIBVS
742 3511 851 3564 LIBER
878 3511 1035 3566 TERTIVS
1063 3510 1256 3566 FELICITER
1281 3512 1355 3567 Ι

164 3599 279 3652 MARCI
320 3598 492 3653 TERENTII
533 3601 720 3655 VARRONIS
760 3599 890 3654 RERVM
931 3598 1173 3655 RVSTICARVM
1203 3601 1355 3655 munz

164 3686 321 3740 TERTIVS
347 3686 393 3739 ET
416 3687 578 3742 VLTIMVS
603 3689 634 3755 V,
660 3691 709 3744 ubi
733 3690 766 3743 de
790 3687 923 3744 uillaticis
945 3689 1122 3758 pastionibus
1140 3697 1205 3759 pout
1228 3693 1355 3745 ΜΕ

165 3793 259 3829 curum
279 3776 389 3829 addidit
408 3776 436 3828 P
506 3782 522 3829 6
542 3776 645 3842 Quidni
663 3777 746 3832 Piuni
766 3779 794 3833 P
809 3778 907 3846 quidni
924 3778 1015 3848 pinnii
1033 3779 1060 3832 B
1079 3778 1179 3846 quidni
1196 3779 1267 3850 pinii
1279 3823 1355 3834 ..-

165 3864 195 3929 Q.
215 3863 331 3920 Pinnic
421 3865 490 3934 quin
505 3909 511 3922 .
526 3867 579 3920 hae
602 3884 660 3922 una
684 3868 775 3922 littera
793 3873 858 3937 post
879 3869 946 3936 quin
969 3870 1056 3924 deleta
1074 3868 1102 3922 A
1195 3875 1209 3923 7
1239 3866 1355 3923 anei

164 3954 255 4026 quior]
280 3953 321 4009 De
348 3955 517 4024 antiquItete
546 3956 576 4010 et
600 3956 738 4026 dignitate
761 3957 865 4011 rustice
888 3957 929 4012 rei
951 3959 983 4011 in
1005 3958 1128 4026 mergiaco
1150 3960 1263 4013 rubrica
1277 4002 1305 4010 -

256 4050 272 4098 8
297 4063 345 4100 cur
367 4063 433 4100 rura
451 4051 483 4100 ut
500 4047 607 4100 videtur
626 4045 654 4099 A
672 4061 741 4100 corr.
761 4051 794 4099 cd
813 4063 879 4100 rura
896 4046 937 4099 A²
1032 4053 1065 4100 10
1084 4063 1190 4116 ogyges
1209 4066 1226 4102 o
1244 4059 1355 4117 og:-

163 4151 213 4202 gos
233 4134 322 4187 PAB
395 4134 549 4189 aedificarit
567 4135 657 4190 PAB
679 4133 839 4188 aedificauit
856 4151 902 4188 mc
976 4131 1008 4189 1'2
1033 4135 1108 4206 cum]
1128 4153 1192 4190 com
1210 4138 1239 4191 A

165 4228 198 4274 14
211 4222 317 4290 inclyta
337 4223 362 4275 V
416 4230 448 4278 17
464 4223 525 4292 agri
539 4223 594 4278 coli
609 4223 674 4277 suut
688 4223 780 4293 coepti
794 4224 941 4278 Iucundos
955 4223 1095 4293 agricolae
1110 4225 1167 4280 sint
1182 4223 1269 4294 coepti

164 4309 287 4378 agricole
307 4311 363 4364 sint
381 4311 455 4381 cepti
474 4315 500 4366 A
520 4313 643 4384 agricole
663 4311 720 4366 siut
734 4313 826 4383 ccepti
841 4313 868 4366 B
883 4313 1006 4383 agricole
1020 4314 1086 4368 sunt
1100 4313 1176 4382 cepti
1189 4332 1217 4368 m
1234 4317 1355 4383 ῆς-

164 4397 242 4452 colae
261 4402 325 4454 sunt
343 4400 435 4470 coepti
453 4419 469 4456 o
