3000 5026
189 336 252 399 122
678 333 866 389 VARRONIS

187 503 336 583 Eubulus,
360 502 562 582 Lysimachus,
586 501 729 581 blnaseas,
752 501 958 580 Menestratus,
982 500 1201 582 Plentiphanes,
1225 501 1336 583 Persis,

186 610 377 689 Theophilus,
433 609 464 668 hi
502 627 576 688 qnos
610 608 671 668 dnn
703 627 806 668 omnes
839 607 933 668 soluta
967 610 1100 667 oratione
1133 610 1336 690 scripserunt3

186 717 304 777 easdem
328 736 377 777 res
401 719 488 776 etiam
513 715 631 795 quidam
656 714 806 794 versibus,
830 723 864 775 ut
887 714 1033 774 Hesiodus
1057 714 1212 795 Ascraeus,
1236 715 1334 776 bleno-

141 829 181 885 10
191 832 288 884 crates
315 823 470 904 Ephesius.
521 822 576 882 hos
603 822 755 882 nobilitate
783 823 867 900 blago
893 821 1144 900 Carthaginiensis
1171 824 1335 902 praeteriit,

185 934 309 1010 poenica
337 931 436 1009 lingna
461 929 538 1009 quod
564 948 613 990 res
637 929 786 1008 dispersas
810 929 987 1007 conprendit
1009 927 1094 988 libris
1117 943 1232 1009 xxtlx,
1260 949 1335 1008 quos

185 1039 305 1098 Cassius
338 1038 495 1117 Dionysius
527 1036 676 1097 Uticensis
715 1037 802 1096 vertit
834 1035 919 1095 libris
951 1050 997 1095 xx
1029 1054 1063 1094 ac
1095 1053 1202 1113 graeca
1234 1035 1335 1114 lingua

186 1145 309 1205 Sextilio
333 1147 464 1224 praetori
487 1147 580 1204 misit:
603 1147 634 1203 in
658 1163 733 1222 quae
757 1143 903 1203 volumina
928 1142 964 1202 de
988 1144 1103 1220 graecis
1126 1141 1212 1202 libris
1231 1146 1334 1203 eorum

186 1270 261 1330 qnos
290 1250 351 1310 dixi
379 1250 485 1311 adiecit
509 1270 567 1311 non
591 1269 683 1329 pauca
708 1251 796 1310 etde
820 1250 953 1328 Magonis
976 1249 1104 1327 dempsit
1128 1251 1223 1309 instar
1245 1248 1335 1310 libro-

186 1377 252 1418 rum
276 1373 346 1418 vm.
393 1357 482 1418 bosce
506 1360 587 1436 ipsos
610 1357 723 1417 utiliter
747 1357 782 1417 ad
806 1373 842 1417 vl
865 1356 957 1416 libros
981 1355 1096 1434 redegit
1114 1356 1284 1435 Diophanes
1304 1359 1336 1417 in

140 1464 325 1544 llBithynia
358 1472 388 1524 et
419 1466 501 1524 misit
527 1463 665 1523 Deiotaro
697 1466 769 1542 regi.
820 1483 878 1542 qno
907 1463 1026 1523 brevius
1054 1462 1090 1522 de
1119 1481 1152 1522 ea
1181 1482 1214 1523 re
1243 1482 1336 1524 conor

186 1571 283 1631 tribus
306 1571 390 1631 libris
414 1589 571 1650 exponere,
596 1589 655 1630 nno
679 1571 715 1631 de
735 1570 942 1650 agricultura,
965 1569 1057 1629 altero
1077 1570 1114 1630 de
1133 1588 1167 1630 re
1185 1572 1336 1651 pecuaria,

187 1681 275 1738 tertio
299 1678 336 1738 de
359 1677 495 1738 villaticis
518 1677 718 1759 pastionibus,
745 1678 801 1737 hoc
825 1677 900 1736 libro
924 1679 1111 1737 circumcisis
1133 1676 1235 1757 rebus,
1259 1696 1336 1756 quae

186 1803 245 1845 non
269 1785 398 1845 arbitror
421 1787 572 1863 pertinere
596 1785 631 1845 ad
656 1787 719 1862 agri
742 1784 897 1845 culturam.
942 1787 1042 1863 itaque
1066 1786 1151 1863 prius
1170 1785 1345 1866 ostendam,

186 1911 263 1973 quae
291 1895 408 1952 secerni
435 1900 570 1970 oporteat
599 1891 634 1952 ab
663 1910 711 1970 ea,
739 1900 801 1951 tum
830 1891 866 1951 de
894 1891 941 1951 his
968 1891 1059 1952 rebus
1083 1893 1179 1953 dicam
1203 1911 1349 1970 sequens

186 1999 335 2061 naturales
364 1999 531 2059 divisiones.
578 2017 612 2059 ea
640 2006 728 2058 erunt
752 2017 788 2057 ex
811 1998 962 2059 radicibus
985 2001 1086 2074 trinis,
1114 2006 1144 2059 et
1168 2017 1246 2078 quae
1270 2001 1346 2079 ipse

185 2108 216 2165 in
240 2108 314 2166 meis
338 2105 439 2166 lundis
462 2106 586 2166 colendo
610 2105 813 2186 animadverti,
838 2114 868 2165 et
891 2125 966 2184 qnae
985 2105 1052 2188 legi,
1076 2115 1106 2166 et
1125 2123 1201 2184 quae
1221 2124 1236 2165 a
1256 2108 1354 2184 peri-

186 2215 224 2272 tis
247 2212 336 2273 audii.

154 2317 180 2378 ll
281 2317 459 2378 Sementivis
495 2319 578 2378 seriis
614 2321 644 2378 in
678 2318 781 2378 aedem
813 2319 940 2379 Telluris
972 2338 1110 2380 veneram
1142 2330 1268 2398 rogatus
1300 2322 1347 2382 ab

185 2423 337 2504 aeditimo,
366 2434 399 2485 ut
427 2426 526 2486 dicere
555 2424 713 2485 didicimus
741 2444 757 2484 a
785 2426 921 2503 patrihns
944 2430 1069 2506 nostris,
1096 2436 1131 2487 ut
1154 2430 1340 2508 corrigimur

185 2550 200 2590 a
233 2531 406 2592 recentibus
438 2532 575 2611 urbanis,
611 2532 647 2592 ab
680 2531 807 2594 aedituo.
867 2533 976 2593 offendi
1006 2529 1051 2593 ihi
1077 2534 1108 2594 C.
1135 2534 1376 2617 Fundaniumffi

259 2798 272 2844 1
305 2792 423 2848 eubulus
444 2795 472 2846 P
494 2794 610 2849 eubolus
630 2792 691 2847 AB
714 2793 861 2849 creobolns
883 2811 900 2848 o
923 2794 1041 2863 eybnlus
1064 2795 1228 2851 columellae
1250 2799 1331 2852 codex

185 2881 429 2952 Soupermooeuois
500 2882 696 2953 plentiphanes
721 2883 778 2937 PA
800 2883 1017 2954 plenthiphanes
1041 2885 1070 2938 Β
1091 2883 1330 2953 pleutephaneso

184 2972 387 3042 euanthipanes
404 2971 566 3028 Oolmrceiloe
583 2975 667 3028 codex
678 2973 922 3045 saoqomonenois
993 2980 1009 3027 3
1028 2973 1156 3045 quidam]
1176 2975 1293 3042 quidem
1305 2976 1331 3030 Β

255 3078 368 3117 ascreus
392 3061 481 3117 VAB
553 3063 744 3117 menecrathes
762 3063 790 3116 B
862 3061 1045 3116 mobilitate
1065 3063 1093 3114 P
1107 3063 1258 3118 nobilitate
1273 3064 1331 3119 AB

184 3150 350 3206 nobilitatos
374 3169 391 3206 o
462 3151 696 3220 carthaginiensis
719 3151 748 3203 P
767 3150 989 3219 carthaginensis
1010 3152 1058 3205 Bo
1081 3151 1287 3221 cartaginensis
1305 3155 1333 3208 A

256 3244 272 3291 5
300 3240 418 3308 poenica
441 3257 457 3294 o
485 3239 624 3308 phoenica
646 3237 737 3291 PAB
809 3240 895 3309 quod]
924 3241 1039 3305 fortasse
1066 3241 1114 3310 qui
1186 3259 1332 3312 compren-

186 3327 229 3382 dit
243 3329 301 3382 ΡΒ
315 3328 529 3398 comprehendit
541 3346 589 3382 mo
603 3328 816 3396 comprehendit
829 3328 856 3381 A
916 3335 931 3382 6
950 3327 1099 3397 Dionysius
1119 3330 1145 3383 V
1157 3330 1295 3386 dionisius
1305 3335 1332 3386 A

185 3417 329 3486 dyonisius
348 3419 376 3472 Β
448 3435 481 3471 ac
499 3433 603 3485 graeca
619 3416 676 3470 ΡΒ
695 3432 796 3486 agrena
809 3417 868 3472 Am
886 3434 1021 3486 graecae
1095 3426 1109 3472 7
1129 3420 1251 3492 graecis]
1271 3440 1333 3493 gre

185 3506 229 3575 gis
247 3507 275 3560 Β
348 3515 364 3562 9
387 3507 423 3562 ad
441 3506 480 3559 VI
498 3505 584 3559 libros
603 3507 660 3560 PB
679 3507 812 3574 adserto
833 3507 962 3562 librosA
981 3505 1017 3559 ad
1036 3523 1083 3560 sex
1101 3507 1222 3563 libroso
1299 3518 1333 3567 10

184 3599 294 3700 ardna
315 3629 344 3684 A
421 3634 454 3681 12
482 3627 571 3683 tercio
594 3630 622 3684 A
697 3631 820 3688 niratica
843 3634 870 3686 A
948 3631 1109 3687 circuncisis
1136 3632 1163 3686 V
1234 3640 1269 3688 14
1297 3636 1334 3692 oe

184 3719 228 3774 bis
249 3720 304 3772 VB
323 3719 357 3771 de
376 3717 400 3772 is
418 3715 446 3770 A
464 3717 499 3771 de
519 3717 559 3772 eis
576 3737 603 3774 m
677 3726 708 3774 17
728 3721 805 3775 audii
823 3722 881 3776 PA
900 3721 996 3787 audiui
1010 3722 1037 3774 B
1056 3720 1186 3776 audiuio

258 3811 291 3860 18
314 3805 494 3878 Sementivis]
518 3807 672 3863 Disstantie
688 3813 692 3880 Ι
708 3811 879 3880 agricultura
903 3813 932 3864 et
947 3813 951 3876 1
967 3809 1098 3879 pecuaria
1114 3813 1119 3880 Ι
1135 3812 1164 3865 et
1183 3810 1331 3883 uillatical

185 3896 312 3966 pastione
327 3897 360 3950 io
368 3897 492 3967 margine
500 3898 613 3954 rubrica
622 3898 650 3953 A
704 3898 870 3953 Sementiuis
881 3901 942 3954 AB
952 3899 1120 3954 Sementinis
1134 3900 1190 3954 Vm
1201 3901 1333 3958 ‘Semen-

184 3985 252 4040 tinis
274 3986 352 4041 feriis
375 3987 427 4041 etc.
469 3987 520 4041 Ito
542 4003 644 4056 sempor
666 3989 799 4057 scriptum
820 3990 851 4042 ia
869 3990 912 4043 leis
931 3990 1010 4044 libris
1027 3990 1138 4045 amoeni:
1160 4006 1226 4045 nom
1240 3995 1333 4061 paulo

183 4077 246 4131 item
259 4080 335 4146 poet,
355 4076 431 4132 Num
449 4077 535 4144 seriae
552 4078 729 4143 remotione,
748 4079 824 4146 opud
843 4076 972 4132 Ootorrem
989 4080 1079 4146 dium,
1097 4080 1137 4150 [c.
1152 4082 1178 4146 7,
1192 4079 1238 4149 4.]
1259 4081 1332 4134 Piro

191 4165 309 4233 Voreda,
327 4164 476 4232 Aciliano,
494 4171 519 4221 et
533 4166 705 4222 Suueutiuo'
730 4165 867 4221 Victorius
938 4167 968 4221 in
983 4169 1080 4222 aedem
1099 4166 1177 4223 feriis
1194 4169 1220 4221 A
1297 4176 1329 4223 19

184 4252 318 4307 aeditimo
330 4255 424 4321 priore
438 4256 494 4309 loco
514 4256 571 4310 VB
587 4254 739 4327 edituqu
754 4256 908 4310 aedituum
958 4262 993 4309 20
1008 4258 1044 4325 ab
1058 4255 1258 4312 recentibusB

185 4339 287 4394 offendi
316 4341 372 4395 VB
403 4341 499 4397 inueni
531 4343 634 4398 offendi
653 4342 680 4398 A
707 4343 805 4398 Innem
838 4344 942 4399 offendi
967 4363 994 4400 m
1091 4345 1132 4400 ibi
1158 4362 1208 4400 om.
1228 4347 1257 4401 Β

184 4429 336 4519 lundoniam
354 4466 382 4518 B
