3000 5026
381 303 510 359 RERVM
529 304 763 374 RVSTICARVM
782 305 849 361 LIB.
870 307 910 361 III
930 299 1006 357 2-3
1204 308 1269 372 273

213 467 324 529 Merula
344 488 403 530 non
422 480 549 553 gravate,
573 472 714 555 Primum,
738 475 843 554 inquit,
868 475 1020 535 dominum
1040 476 1182 536 scientem
1202 494 1268 536 esse
1288 474 1327 534 Ill

125 584 242 654 oportet
264 595 366 638 earum
389 592 505 658 nerum,
534 597 608 657 quae
632 581 663 638 in
686 578 754 640 villa
777 581 927 640 circumve
951 599 1014 641 eam
1041 580 1205 659 [animalia]
1231 582 1269 643 ali

124 700 156 742 ae
179 685 262 761 pasci
284 686 408 765 possint,
432 686 472 744 ita
496 694 529 745 ut
552 684 672 745 domino
697 688 756 745 sint
781 686 892 748 lrrretui
916 706 949 747 ae
973 687 1170 749 delectationi.
1204 691 1268 749 eius

125 789 295 869 disciplinae
318 809 427 869 genera
451 776 521 853 sunt
539 793 605 872 tria,
629 792 811 874 ornithones,
836 793 989 874 leporario,
1013 797 1153 874 piscinae.
1189 814 1269 856 nunc

101 896 296 958 cornilhonas
319 897 387 958 dico
410 899 543 958 omnium
567 899 683 979 alitum,
712 918 786 978 quae
811 903 888 960 intra
912 903 1041 980 parietes
1065 901 1156 963 villae
1173 902 1269 963 solent

123 1004 212 1082 pasci.
262 1003 407 1083 leporario
445 1014 474 1066 te
507 1007 642 1083 accipere
675 1005 739 1066 volo
772 1024 831 1066 non
865 1026 897 1066 ea
931 1026 1005 1094 quae
1038 1010 1138 1069 tritavi
1171 1013 1294 1070 nostrii

562 1087 598 1098 Ν
682 1078 903 1100 -f-

124 1110 274 1190 dicebant,
303 1111 354 1171 ubi
383 1111 438 1171 soli
465 1111 583 1190 lepores
612 1115 685 1193 sint,
659 1113 765 1173 tsed
790 1115 887 1173 omnia
912 1123 1026 1194 saepta,
1055 1115 1160 1176 adficta
1184 1114 1267 1176 villae

124 1233 215 1305 qnae
217 1226 346 1299 suntet
370 1218 480 1278 habent
503 1218 616 1279 inclusa
640 1218 789 1299 animalia,
818 1238 893 1298 quae
917 1229 1084 1298 pascantur.
1132 1222 1267 1282 similiter

123 1323 252 1401 piscinas
278 1323 345 1384 dico
373 1343 435 1406 eas,
464 1342 539 1404 quae
567 1327 597 1386 in
625 1344 700 1404 aqua
728 1325 808 1386 dulci
831 1334 882 1386 aut
905 1325 980 1386 salsa
1004 1327 1135 1389 inclusos
1158 1329 1269 1390 habent

48 1443 112 1485 1⁰
124 1431 219 1510 pisces
243 1430 277 1490 ad
297 1431 403 1491 villam.
437 1433 542 1492 harum
560 1432 673 1510 singula
693 1451 801 1510 genera
822 1434 975 1494 minimum
996 1436 1025 1494 in
1044 1434 1129 1495 binas
1148 1437 1292 1514 speeies3

125 1535 213 1597 dividi
236 1545 369 1618 possunt,
393 1540 424 1598 in
447 1541 543 1617 prima
566 1546 651 1617 parte
676 1547 709 1599 ut
733 1541 793 1599 sint
817 1557 892 1618 quae
916 1548 994 1600 terra
1014 1541 1102 1600 modo
1121 1545 1180 1602 sint
1199 1562 1266 1603 eon-

124 1650 234 1721 tentae‚
262 1653 296 1705 ut
323 1654 394 1706 sunt
422 1664 551 1724 pavones
579 1653 714 1706 turtures
738 1647 831 1706 turdi:
860 1646 951 1706 altera
975 1650 1074 1725 specie
1098 1657 1168 1710 sunt
1192 1668 1266 1727 quae

124 1767 179 1810 non
204 1758 274 1812 sunt
297 1759 454 1812 contentae
478 1762 557 1813 terra
582 1752 691 1832 solum,
720 1752 772 1812 sed
796 1753 884 1813 etiam
909 1772 1014 1832 aquam
1038 1757 1209 1837 requirunt,
1233 1764 1267 1816 ut

125 1863 190 1916 sunt
218 1876 340 1918 anseres
370 1858 590 1938 querquednlae
621 1866 729 1919 anates
777 1859 820 1918 sio
848 1858 973 1920 alterum
1003 1878 1097 1938 genus
1125 1860 1190 1922 illut
1217 1881 1264 1921 re-

16 1976 112 2015 15
125 1965 251 2024 caticum
271 1964 344 2025 duas
363 1964 452 2026 habet
471 1965 603 2026 diversas
622 1966 747 2045 species,
766 1982 863 2044 tinam,
883 1967 912 2025 in
934 1984 990 2044 qua
1010 1973 1056 2026 est
1074 1985 1146 2044 aper
1160 1985 1266 2045 caprea

126 2069 217 2152 lepus3
241 2071 332 2132 altera
356 2073 427 2133 item
450 2080 533 2132 extra
552 2071 648 2132 villam
669 2089 744 2150 quae
766 2078 844 2150 sunt,
868 2079 901 2131 ut
920 2090 990 2150 apes
1009 2071 1146 2132 cochleae
1166 2073 1263 2151 glires

126 2178 201 2237 tertii
230 2179 348 2256 generis
379 2178 513 2258 aquatilis
548 2180 619 2239 item
648 2178 763 2256 species
791 2175 879 2255 duae,
907 2178 1014 2254 partim
1044 2178 1122 2256 qnod
1151 2178 1291 2239 habenti

125 2428 131 2440 ·
187 2384 206 2466 '3
226 2410 285 2465 eius
305 2410 470 2480 disciplinae
490 2410 557 2466 Geli.
578 2412 619 2464 II
636 2415 676 2466 20
752 2436 754 2440 ·

129 2545 335 2557 ξ..-

175 2640 187 2688 1
203 2633 321 2703 grauate
336 2633 388 2689 VB
398 2635 515 2703 grauate
524 2649 593 2688 corr.
604 2648 721 2702 grecam
731 2639 763 2687 ut
772 2634 880 2687 violetur
889 2631 917 2686 A
925 2649 1042 2702 grauare
1053 2650 1079 2686 m
1130 2631 1264 2700 Primum]

127 2719 162 2776 Ile
184 2720 303 2777 scientie
325 2721 449 2778 uillatiee
472 2720 611 2792 pastionis
635 2721 665 2775 in
684 2739 785 2791 genere
804 2722 836 2776 iu
853 2722 978 2790 morpiue
994 2723 1107 2776 rubrica
1125 2720 1153 2775 A
1225 2721 1265 2774 in·

127 2810 182 2877 quil
201 2811 257 2865 VB
274 2810 373 2879 inquid
387 2810 415 2865 A
469 2817 484 2863 2
504 2811 643 2864 eircumue
663 2817 696 2864 ea
715 2809 849 2863 animalia
868 2808 907 2863 uli
921 2809 981 2864 Aur
1001 2809 1139 2864 eircumue
1159 2826 1193 2864 ea
1207 2811 1265 2864 anl-

126 2899 205 2955 meliu
224 2899 264 2954 eli
275 2899 333 2953 ΡΒ
347 2901 487 2954 eircumue
502 2915 564 2952 eam
578 2897 642 2952 alio
698 2899 846 2967 3posount
860 2914 972 2952 eorr-
988 2896 1068 2952 iniB
1122 2899 1264 2953 eeriaBo

126 2986 180 3044 laea
197 3005 267 3045 corr.
285 2988 382 3043 lrieA
400 2990 461 3042 brea
475 2988 503 3042 P
560 2986 657 3041 edico
673 2986 734 3040 AB
753 2985 891 3041 Victoriua
909 2984 1048 3039 dieamV
1100 2990 1170 3038 fine
1189 3002 1223 3039 ea
1237 2986 1265 3039 A

190 3085 205 3133 'l
226 3077 280 3133 soli
297 3078 407 3146 lepores
424 3074 529 3130 Gellius
547 3074 588 3128 II
603 3080 651 3142 20,
669 3079 698 3141 2,
717 3072 793 3128 soliti
811 3073 920 3143 lepores
944 3072 1033 3127 VAB
1087 3074 1166 3140 sepia
1188 3071 1215 3124 V

125 3166 214 3222 afficte
227 3167 256 3223 P
272 3183 305 3221 ae
322 3167 388 3220 fictu
403 3164 430 3218 A
449 3164 532 3218 afleta
546 3165 573 3217 Β
593 3163 677 3218 affixa
694 3181 719 3218 o.
753 3163 879 3231 ‘Aflioicu
897 3164 997 3232 carpsi
1015 3179 1028 3217 e
1044 3161 1159 3216 uetustis
1172 3161 1263 3215 libris:
1290 3201 1292 3207 a

121 3261 200 3311 outou
217 3257 289 3310 euim
307 3257 339 3310 iu
352 3256 457 3310 morosis
470 3253 577 3321 Asiae.
614 3251 667 3307 Vbi
685 3255 718 3307 de
734 3253 863 3307 columbis
878 3253 935 3322 opii
949 3251 1030 3322 [III
1036 3255 1063 3317 7,
1073 3251 1115 3320 4]‚
1134 3251 1167 3303 iri
1180 3267 1265 3305 mortu

106 3348 241 3416 seriptis,
264 3351 289 3401 oi
309 3346 400 3412 sumu
422 3343 528 3398 euousie
548 3342 668 3410 pariter,
692 3340 748 3396 Sul
771 3342 880 3394 ordines
901 3339 1024 3410 stropulos
1047 3339 1158 3392 tabulae
1177 3339 1263 3407 pictae.

119 3448 174 3490 uuo
191 3435 277 3490 multo
291 3438 355 3503 poet
373 3434 405 3486 iu
423 3431 546 3500 antiquis
564 3435 685 3498 tautum,
708 3430 827 3484 Duabus
846 3429 935 3497 uirpis
953 3429 1067 3482 uisootis
1085 3426 1197 3497 defictis,
1215 3433 1263 3483 eie.

118 3518 162 3586 -De
185 3523 308 3578 Gallicis
330 3521 526 3592 [1119‚7],
550 3519 609 3573 Aut
632 3520 771 3587 exculpto,
797 3523 846 3572 aut
870 3518 966 3584 afficto
983 3518 1109 3584 firmiter:
1133 3518 1214 3570 etium
1233 3518 1264 3570 iu

117 3607 266 3682 impressis’
285 3611 422 3666 Victorius
476 3617 491 3663 9
512 3611 562 3663 ant
576 3609 604 3677 (a
618 3608 708 3662 littero
722 3607 753 3660 iu
766 3623 869 3662 rusuro
882 3607 986 3675 scripio
1000 3607 1031 3659 iu
1041 3607 1078 3675 A)
1090 3605 1164 3658 salsa
1176 3604 1264 3657 VAB

113 3700 163 3755 uel
182 3702 259 3756 salsa
271 3717 298 3753 ru
354 3705 385 3753 11
406 3713 477 3766 quae
496 3699 572 3752 terra
591 3697 678 3767 (terra
695 3697 909 3765 superscriptum
927 3697 958 3750 iu
973 3696 1010 3765 Β)
1031 3695 1113 3749 modo
1130 3693 1187 3748 sini
1201 3709 1263 3775 con·

113 3783 213 3846 taniam
232 3787 289 3843 PB
308 3805 379 3857 quae
399 3789 474 3840 terra
491 3786 574 3841 modo
594 3787 658 3840 sunt
676 3785 825 3838 contentae
844 3801 860 3838 o
879 3800 933 3853 que
951 3782 1125 3861 terramorlo
1141 3780 1264 3850 sintque
1300 3806 1304 3812 ·

108 3885 171 3933 non
191 3879 258 3933 sunl
273 3876 403 3932 contente
423 3876 495 3942 sunl,
514 3876 560 3928 sed
579 3874 635 3929 sint
648 3875 782 3928 subducto
796 3874 869 3928 linco
883 3877 1008 3927 rotulum
1021 3877 1046 3928 ei
1060 3887 1114 3941 que
1129 3887 1185 3924 non
1200 3871 1265 3951 sunl

106 3960 203 4026 deleto
222 3969 249 4021 A
268 3982 339 4034 quae
357 3968 431 4019 terra
449 3963 531 4017 modo
551 3962 682 4018 contenta
696 3963 761 4015 euni
773 3978 800 4016 ru
865 3967 897 4016 12
916 3965 949 4014 ul
967 3961 1022 4014 sint
1040 3976 1164 4029 pauones
1183 3959 1212 4013 A

103 4048 207 4112 alteru
224 4054 317 4125 specie
332 4056 396 4107 sunl
415 4051 471 4106 VB
484 4053 573 4107 altera
592 4050 699 4121 speeies
719 4053 784 4104 sunt
797 4050 877 4104 Aru.>
896 4051 1012 4116 fortasse
1025 4048 1053 4100 in
1068 4047 1156 4101 altera
1171 4046 1263 4114 specie

102 4148 181 4200 ⁸11nt
256 4150 289 4197 14
308 4141 510 4212 querquedules
526 4142 619 4210 (deleto
639 4140 662 4208 s)
688 4141 716 4194 el
735 4142 831 4193 anates
849 4138 876 4191 A
949 4135 989 4190 sic
1012 4135 1130 4188 alterum
1155 4132 1210 4186 VB
1230 4134 1261 4200 ὃς

100 4221 147 4288 (Β.
172 4252 194 4290 c.
215 4232 281 4298 Sed)
305 4232 424 4284 alterum
443 4231 471 4285 A
493 4229 541 4284 sed
566 4229 687 4283 ellemm
709 4246 736 4283 m
808 4227 874 4280 illul
894 4227 921 4278 P
937 4223 1008 4278 illud
1026 4223 1107 4278 ABr
1181 4228 1213 4276 15
1232 4221 1263 4275 in

92 4302 186 4396 qua]
201 4341 238 4377 un
254 4337 310 4390 qua
323 4335 392 4374 corr.
404 4319 433 4372 in
444 4336 499 4388 que
508 4319 535 4372 A
591 4333 717 4386 oapi-eur
728 4315 823 4385 cepria
834 4315 926 4392 PAB
982 4319 1015 4367 16
1025 4329 1096 4383 quae
1107 4313 1172 4366 sunl
1182 4315 1263 4368 Amo

94 4402 167 4466 ‘tui
185 4414 250 4467 sunl
270 4407 328 4463 PB
400 4406 513 4483 cochlea
532 4405 593 4462 AB
612 4406 723 4459 cocleae
745 4404 771 4459 V
1035 4493 1050 4526 *

996 4498 1028 4549 18
