3000 5026
134 226 197 292 138
625 223 808 280 VARRONIS

133 396 269 454 amittant
303 393 378 454 lolia.
428 401 550 472 propter
584 392 707 453 eandem
740 411 857 453 causam
887 393 978 453 rnrrlta
1006 401 1076 454 sunt
1103 393 1213 476 bifera,
1245 402 1280 457 ut

132 503 200 561 vitis
224 501 301 579 apud
326 519 405 560 mare
425 500 578 578 Zrnurnae,
603 500 696 560 malus
721 499 846 576 [biferae
871 499 917 577 ut]
942 503 971 560 in
995 518 1067 578 agro
1086 500 1278 563 Consentino.

107 608 214 671 iidem
238 607 380 686 ostendit,
404 608 482 687 quod
508 609 538 667 iu
561 608 633 667 locis
657 607 728 667 ieris
752 606 837 685 plura
861 608 974 688 ierunt,
997 609 1028 666 in
1052 609 1089 667 iis
1112 618 1280 686 quaesunt

132 714 210 775 culta
239 716 368 776 meliora.
419 715 520 776 cadem
549 714 585 774 de
614 733 701 775 causa
730 722 800 774 sunt
828 733 903 792 quae
933 732 991 774 non
1020 722 1145 792 possunt
1178 716 1279 776 vivere

132 824 190 882 nisi
213 824 243 882 in
267 821 331 882 loco
356 840 467 901 aquoso
491 829 542 881 aut
566 824 653 882 ctiam
677 840 760 901 aqua,
785 830 815 882 et
838 821 866 882 id
893 821 1118 881 discriminatim
1138 819 1202 899 [ut]
1222 821 1281 882 alia

132 931 161 988 in
191 928 327 1008 lacubus,
356 937 388 990 ut
417 928 599 989 harundines
622 932 652 988 in
676 929 813 1010 Reatino,
841 928 897 989 alia
920 931 950 988 in
975 926 1161 1009 huminibus,
1190 931 1282 990 utin

132 1035 222 1114 Epiro
247 1035 369 1096 arbores
393 1036 464 1116 alni,
493 1036 548 1097 alia
572 1039 602 1097 in
626 1039 709 1116 mari,
733 1045 766 1098 ut
790 1037 894 1097 scribit
918 1034 1141 1113 Theophrastus
1164 1034 1283 1114 palmas

105 1140 165 1203 8et
193 1142 337 1221 squillam.
383 1145 413 1203 in
437 1143 527 1204 Gallia
556 1143 747 1225 transalpina,
775 1147 856 1205 intus
884 1144 919 1204 ad
943 1142 1079 1203 Rhenum
1102 1160 1171 1203 cum
1196 1161 1279 1203 exer·

132 1251 224 1309 citum
253 1250 408 1330 ducerem,
437 1251 548 1329 aliquot
572 1253 710 1329 regiones
734 1253 860 1330 accessi,
889 1249 940 1310 ubi
963 1268 1018 1310 nec
1043 1250 1110 1310 vitis
1134 1267 1190 1310 nee
1215 1248 1277 1310 olea

132 1374 186 1416 nec
218 1375 305 1435 poma
334 1367 541 1439 nascerentur,
575 1356 625 1418 uhi
654 1377 740 1436 agros
769 1365 971 1418 stercorarent
1001 1356 1124 1417 candida
1152 1357 1337 1417 lossicial·v
1374 1342 1384 1380 ⁰

131 1454 231 1544 creta,
252 1462 304 1524 ubi
329 1464 418 1524 salem
443 1484 497 1525 nec
521 1466 671 1525 fossicium
697 1484 751 1525 nec
775 1466 956 1524 maritimum
980 1463 1137 1545 haberent,
1165 1462 1217 1523 sed
1241 1481 1271 1523 ex

131 1569 307 1647 quibusdam
341 1570 428 1649 lignis
461 1571 615 1633 conbustis
644 1571 823 1633 carbonibus
852 1571 936 1631 salsis
964 1590 1018 1650 pro
1048 1589 1083 1631 eo
1110 1576 1270 1631 uterentur.

105 1672 228 1758 ilStolo,
251 1677 321 1738 Cato
341 1678 470 1761 quidem,
493 1681 598 1759 inquit,
621 1680 764 1758 gradatim
784 1697 969 1758 praeponens
988 1677 1078 1739 alium
1096 1676 1154 1767 alio
1173 1695 1271 1756 agrum

132 1784 283 1845 mehorem
307 1786 380 1846 dicit
403 1805 468 1846 csse
492 1788 522 1847 in
546 1805 650 1847 novem
669 1786 902 1866 discriminibus,
926 1785 1005 1864 quod
1030 1787 1069 1845 sit
1090 1786 1207 1863 primus
1226 1783 1272 1845 ubi

131 1894 232 1953 vineae
265 1896 381 1971 possint
410 1877 479 1953 'esse
512 1893 590 1954 bono
619 1897 687 1954 vino
715 1902 746 1955 et
774 1894 879 1973 multo,
911 1892 1061 1952 secundus
1090 1889 1143 1952 ubi
1171 1890 1273 1953 hortus
1285 1862 1414 1943 133³*

130 2002 276 2081 inriguus,
302 2003 408 2061 tertius
432 1999 482 2062 ubi
506 2000 763 2082 salicta,*quartus
787 2000 839 2060 ubi
858 1999 973 2079 oliveta,
997 2001 1121 2079 quintus
1139 1997 1193 2059 ubi
1211 2017 1272 2078 pra·

131 2114 203 2187 tum,
228 2116 329 2168 sextus
353 2107 405 2168 ubi
429 2126 550 2188 campus
574 2109 794 2188 frumentarius,
819 2108 964 2185 septimus
987 2104 1037 2166 ubi
1062 2106 1173 2167 caedua
1195 2106 1275 2188 silva,

84 2215 125 2271 10
135 2222 257 2274 octavus
285 2214 336 2274 cibi
363 2213 531 2294 arbustum,
559 2233 655 2274 nonus
679 2213 730 2275 ubi
753 2214 902 2292 glandaria
926 2212 1005 2273 silva.
1053 2213 1169 2295 Scrofa,
1199 2214 1276 2296 Scio,

131 2321 241 2400 inquit,
264 2320 397 2380 scribere
421 2320 517 2401 illum3
538 2321 598 2405 ped
622 2320 658 2380 de
681 2320 739 2380 hoc
762 2339 822 2380 non
845 2322 1036 2381 consentiunt
1060 2338 1173 2401 omnes,
1197 2320 1275 2400 quod

131 2424 180 2486 alii
213 2427 283 2487 dant
310 2430 469 2505 primatum
498 2427 583 2487 bonis
610 2428 718 2508 pratis,
750 2435 783 2488 ut
811 2446 879 2509 ego,
912 2447 928 2487 a
957 2446 1015 2506 quo
1046 2425 1131 2506 [que]
1160 2422 1409 2508 ειιιὶιιιιίἳίῑ)ς

130 2541 213 2612 prata
232 2541 332 2611 parata
352 2533 545 2612 appellarunt.
593 2534 700 2594 Caesar
720 2533 871 2615 Vopiscus,
891 2534 1044 2595 aedilicius
1068 2552 1187 2595 causam
1207 2553 1275 2597 cum

130 2648 232 2718 ageret
254 2641 331 2720 apud
355 2658 503 2722 censores,
526 2660 645 2721 campos
669 2642 781 2703 Roseae
805 2641 904 2702 ltahae
928 2642 1003 2702 dixit
1020 2659 1086 2702 esse
1105 2659 1223 2722 sumen,
1245 2642 1276 2702 in

131 2767 189 2826 quo
226 2747 328 2808 relicta
365 2750 479 2827 pertica
515 2750 659 2827 postridie
696 2768 756 2810 non
794 2758 950 2829 appareret
986 2756 1109 2827 propter
1142 2747 1275 2811 herbam.

50 2851 114 2915 Vlll
132 2863 235 2916 contra
259 2858 373 2917 vineam
396 2864 466 2953 sunt
489 2859 541 2936 qui
563 2865 669 2937 putent
692 2867 812 2938 sumptu
836 2858 966 2918 fructum
990 2857 1140 2917 devorare.

202 3026 215 3073 1
237 3022 352 3090 propter
370 3022 488 3076 eandem
507 3038 620 3077 causam
638 3022 715 3076 Plio.
735 3026 779 3089 16,
800 3025 853 3075 115
936 3024 968 3073 13
987 3018 1058 3073 (lato
1078 3016 1195 3085 quidem
1214 3017 1273 3073 Gal.

128 3109 161 3162 de
179 3110 242 3177 apri
260 3111 323 3163 cult.
343 3116 368 3178 1,
388 3115 405 3165 7
477 3115 510 3164 21
531 3109 632 3164 Caesar
649 3109 787 3178 Vopiscus
808 3108 886 3162 Plio.
905 3112 950 3176 17,
970 3111 1007 3162 32

202 3266 216 3312 1
235 3261 268 3314 ut
285 3261 358 3314 uites
379 3260 467 3315 VAB
482 3304 487 3315 .
503 3260 539 3313 M.
555 3261 644 3316 Varro
663 3263 761 3315 auctor
779 3264 821 3315 est
838 3260 925 3315 vitem
944 3258 1029 3313 fuisse
1043 3259 1181 3328 Zmyrnae
1199 3258 1275 3328 apud

128 3365 204 3402 mare
232 3347 351 3404 biforem
377 3351 406 3403 et
433 3349 539 3402 malum
562 3350 589 3402 in
613 3366 680 3419 agro
700 3348 868 3404 Consentino
894 3350 1006 3403 Plinius
1031 3347 1114 3401 XVI
1131 3351 1186 3401 115
1258 3352 1273 3401 2

128 3454 241 3491 zmurne
253 3438 282 3492 A
300 3454 429 3507 zmyrnae
445 3438 503 3491 ΡΒ
519 3439 656 3493 miroaeu
728 3439 817 3493 malus
836 3437 942 3493 biferae
958 3439 990 3490 ut
1003 3437 1061 3490 PB
1079 3436 1171 3490 malus
1186 3434 1274 3491 bifero

128 3524 201 3579 utA
220 3525 414 3581 malusbifera
432 3527 496 3580 ulo
569 3527 634 3582 3in
652 3529 759 3583 iisAB
778 3528 807 3582 in
826 3528 869 3582 his
890 3526 916 3579 V
987 3525 1108 3580 betium
1126 3541 1203 3593 aqua
1216 3525 1273 3579 ΡΒ

129 3613 216 3666 etiam
243 3631 345 3682 aquam
367 3614 395 3667 A
422 3614 451 3668 in
479 3631 582 3683 aquam
604 3633 631 3670 m
659 3615 745 3670 etiam
772 3617 800 3670 in
823 3633 929 3685 aquae
1002 3609 1219 3666 discriminatim
1242 3615 1273 3668 ul

129 3701 186 3755 ulia
211 3703 303 3757 PAR
331 3703 543 3758 discriminatim
573 3706 601 3759 et
626 3704 720 3759 alian
797 3710 813 3759 6
840 3705 988 3759 arundines
1013 3705 1068 3761 VB
1091 3710 1223 3764 arudines
1246 3711 1272 3766 A

205 3797 220 3847 7
244 3807 329 3861 epyro
349 3793 377 3847 Β
453 3793 604 3862 theophras
620 3795 625 3862 1
641 3797 699 3848 stus
717 3794 744 3847 A
816 3799 832 3847 8
856 3795 986 3862 squillam
1007 3796 1098 3851 PAR
1121 3798 1272 3868 squillaso

198 3878 315 3934 rhenum
345 3881 401 3935 VB
428 3898 524 3936 renum
546 3882 605 3936 Am
677 3888 693 3936 9
721 3883 829 3952 aliquot
848 3884 942 3939 BA⁹v
970 3885 1086 3956 aliquod
1106 3886 1166 3941 PA
1241 3895 1292 3944 12

127 3969 278 4025 combustis
306 3970 393 4026 VAB
471 3977 503 4026 13
531 3970 623 4040 inquit
651 3971 707 4025 VB
734 3973 832 4042 inquid
855 3973 884 4028 A
958 3992 1116 4044 proponens
1138 3994 1166 4031 m
1242 3984 1300 4033 1&

127 4059 223 4113 hortus
248 4060 274 4113 V
299 4063 376 4115 ortus
403 4061 465 4116 AB
539 4066 570 4115 16
590 4058 717 4129 inriguus
748 4062 837 4115 PAB
855 4061 1014 4132 irriguuso
1088 4071 1120 4120 18
1139 4067 1298 4123 octauum

126 4197 196 4235 corr.
220 4188 257 4221 —'
278 4199 309 4235 us
327 4183 355 4237 A
426 4191 500 4239 nonii
518 4184 547 4238 A
618 4185 675 4240 scio
697 4185 789 4254 inquit
813 4187 869 4239 VB
888 4162 929 4241 sio
948 4186 1046 4257 inquid
1064 4188 1092 4242 A
1124 4242 1140 4265 ο
1167 4197 1200 4244 19
1221 4208 1290 4245 com

127 4284 173 4322 sea
197 4270 334 4336 sentiunt,
362 4273 408 4327 aed
435 4274 527 4329 deletio
550 4291 596 4329 see
620 4275 717 4330 litteris
740 4276 768 4330 A
840 4280 873 4329 20
897 4279 928 4330 ut
952 4295 1041 4348 egos
1062 4295 1176 4347 quoque
1199 4279 1285 4334 anti*

126 4357 175 4427 qui
192 4358 282 4413 PAB
301 4361 402 4431 utego
421 4378 511 4431 aquo
530 4364 673 4433 antiquio
744 4371 779 4418 24
798 4370 938 4435 sumptum
959 4369 987 4421 Β
