<?xml version="1.0" encoding="UTF-8"?>
<!DOCTYPE html PUBLIC "-//W3C//DTD XHTML 1.0 Transitional//EN"
    "http://www.w3.org/TR/xhtml1/DTD/xhtml1-transitional.dtd">
<html xmlns="http://www.w3.org/1999/xhtml" xml:lang="en" lang="en">
 <head>
  <title>
</title>
<meta http-equiv="Content-Type" content="text/html;charset=utf-8" />
  <meta name='ocr-system' content='tesseract 3.04.00' />
  <meta name='ocr-capabilities' content='ocr_page ocr_carea ocr_par ocr_line ocrx_word'/>
</head>
<body>
  <div class='ocr_page' id='page_1' title='image "./mporcicatonisde01keilgoog_0029.png"; bbox 0 0 3000 5026; ppageno 0'>
   <div class='ocr_carea' id='block_1_1' title="bbox 762 308 939 381">
    <p class='ocr_par' dir='ltr' id='par_1_1' title="bbox 762 308 939 381">
     <span class='ocr_line' id='line_1_1' title="bbox 762 308 939 381; baseline 0.011 -2"><span class='ocrx_word' id='word_1_1' title='bbox 762 325 917 381; x_wconf 77' lang='lat' dir='ltr'>aaronis</span> <span class='ocrx_word' id='word_1_2' title='bbox 936 308 939 313; x_wconf 85' lang='lat'>&#39;</span> 
     </span>
    </p>
   </div>
   <div class='ocr_carea' id='block_1_2' title="bbox 346 489 1453 2598">
    <p class='ocr_par' dir='ltr' id='par_1_2' title="bbox 354 489 1409 678">
     <span class='ocr_line' id='line_1_2' title="bbox 354 489 1409 573; baseline 0.007 -24"><span class='ocrx_word' id='word_1_3' title='bbox 354 489 404 549; x_wconf 88' lang='lat' dir='ltr'>XV</span> <span class='ocrx_word' id='word_1_4' title='bbox 428 489 492 560; x_wconf 81' lang='lat' dir='ltr'>Quo</span> <span class='ocrx_word' id='word_1_5' title='bbox 516 491 603 551; x_wconf 91' lang='lat' dir='ltr'>modo</span> <span class='ocrx_word' id='word_1_6' title='bbox 626 490 819 552; x_wconf 81' lang='lat' dir='ltr'>torcularium</span> <span class='ocrx_word' id='word_1_7' title='bbox 839 500 869 552; x_wconf 89' lang='lat' dir='ltr'>et</span> <span class='ocrx_word' id='word_1_8' title='bbox 884 491 987 552; x_wconf 90' lang='lat' dir='ltr'>cellam</span> <span class='ocrx_word' id='word_1_9' title='bbox 1002 492 1139 554; x_wconf 77' lang='lat' dir='ltr'>oleariam</span> <span class='ocrx_word' id='word_1_10' title='bbox 1154 513 1258 573; x_wconf 90' lang='lat' dir='ltr'>parare</span> <span class='ocrx_word' id='word_1_11' title='bbox 1274 503 1409 573; x_wconf 81' lang='lat' dir='ltr'>oporteat</span> 
     </span>
     <span class='ocr_line' id='line_1_3' title="bbox 355 596 985 678; baseline 0.008 -23"><span class='ocrx_word' id='word_1_12' title='bbox 355 596 419 656; x_wconf 90' lang='lat' dir='ltr'>XVI</span> <span class='ocrx_word' id='word_1_13' title='bbox 442 597 475 656; x_wconf 91' lang='lat' dir='ltr'>ln</span> <span class='ocrx_word' id='word_1_14' title='bbox 499 598 572 657; x_wconf 89' lang='lat' dir='ltr'>cella</span> <span class='ocrx_word' id='word_1_15' title='bbox 595 597 703 659; x_wconf 86' lang='lat' dir='ltr'>olearia</span> <span class='ocrx_word' id='word_1_16' title='bbox 728 617 802 678; x_wconf 85' lang='lat' dir='ltr'>qrrae</span> <span class='ocrx_word' id='word_1_17' title='bbox 826 617 901 678; x_wconf 91' lang='lat' dir='ltr'>opus</span> <span class='ocrx_word' id='word_1_18' title='bbox 925 601 985 660; x_wconf 89' lang='lat' dir='ltr'>sint</span> 
     </span>
    </p>

    <p class='ocr_par' dir='ltr' id='par_1_3' title="bbox 354 702 1031 777">
     <span class='ocr_line' id='line_1_4' title="bbox 354 702 1031 777; baseline 0.006 -15"><span class='ocrx_word' id='word_1_19' title='bbox 354 703 432 763; x_wconf 88' lang='lat' dir='ltr'>XVII</span> <span class='ocrx_word' id='word_1_20' title='bbox 455 702 558 764; x_wconf 77' lang='lat' dir='ltr'>Villam</span> <span class='ocrx_word' id='word_1_21' title='bbox 583 704 793 765; x_wconf 88' lang='lat' dir='ltr'>aedificandam</span> <span class='ocrx_word' id='word_1_22' title='bbox 817 708 843 765; x_wconf 91' lang='lat' dir='ltr'>si</span> <span class='ocrx_word' id='word_1_23' title='bbox 867 705 977 766; x_wconf 82' lang='lat' dir='ltr'>locabis</span> <span class='ocrx_word' id='word_1_24' title='bbox 1029 773 1031 777; x_wconf 11' lang='grc' dir='ltr'><em>Α</em></span> 
     </span>
    </p>

    <p class='ocr_par' dir='ltr' id='par_1_4' title="bbox 354 809 885 872">
     <span class='ocr_line' id='line_1_5' title="bbox 354 809 885 872; baseline 0.004 -3"><span class='ocrx_word' id='word_1_25' title='bbox 354 809 446 870; x_wconf 95' lang='lat' dir='ltr'>XVIII</span> <span class='ocrx_word' id='word_1_26' title='bbox 469 810 510 871; x_wconf 89' lang='lat' dir='ltr'>Dc</span> <span class='ocrx_word' id='word_1_27' title='bbox 534 813 671 872; x_wconf 88' lang='lat' dir='ltr'>maceriis</span> <span class='ocrx_word' id='word_1_28' title='bbox 695 811 885 872; x_wconf 87' lang='lat' dir='ltr'>aedificandis</span> 
     </span>
    </p>

    <p class='ocr_par' dir='ltr' id='par_1_5' title="bbox 353 916 938 997">
     <span class='ocr_line' id='line_1_6' title="bbox 353 916 938 997; baseline 0.007 -22"><span class='ocrx_word' id='word_1_29' title='bbox 353 916 457 976; x_wconf 93' lang='lat' dir='ltr'>XVIIII</span> <span class='ocrx_word' id='word_1_30' title='bbox 482 916 598 978; x_wconf 81' lang='lat' dir='ltr'>Calcem</span> <span class='ocrx_word' id='word_1_31' title='bbox 621 920 762 997; x_wconf 90' lang='lat' dir='ltr'>partiario</span> <span class='ocrx_word' id='word_1_32' title='bbox 786 918 938 979; x_wconf 87' lang='lat' dir='ltr'>locandam</span> 
     </span>
    </p>

    <p class='ocr_par' dir='ltr' id='par_1_6' title="bbox 353 1024 1014 1104">
     <span class='ocr_line' id='line_1_7' title="bbox 353 1024 1014 1104; baseline 0.002 -19"><span class='ocrx_word' id='word_1_33' title='bbox 353 1024 407 1085; x_wconf 93' lang='lat' dir='ltr'>XX</span> <span class='ocrx_word' id='word_1_34' title='bbox 430 1025 567 1085; x_wconf 84' lang='lat' dir='ltr'>Materies</span> <span class='ocrx_word' id='word_1_35' title='bbox 591 1025 660 1104; x_wconf 91' lang='lat' dir='ltr'>qnid</span> <span class='ocrx_word' id='word_1_36' title='bbox 686 1028 755 1085; x_wconf 87' lang='lat' dir='ltr'>anni</span> <span class='ocrx_word' id='word_1_37' title='bbox 778 1028 951 1104; x_wconf 78' lang='lat' dir='ltr'>tempestiua</span> <span class='ocrx_word' id='word_1_38' title='bbox 975 1029 1014 1086; x_wconf 90' lang='lat' dir='ltr'>sit</span> 
     </span>
    </p>

    <p class='ocr_par' dir='ltr' id='par_1_7' title="bbox 352 1130 982 1193">
     <span class='ocr_line' id='line_1_8' title="bbox 352 1130 982 1193; baseline 0.005 -4"><span class='ocrx_word' id='word_1_39' title='bbox 352 1130 420 1191; x_wconf 93' lang='lat' dir='ltr'>XXI</span> <span class='ocrx_word' id='word_1_40' title='bbox 444 1132 649 1193; x_wconf 87' lang='lat' dir='ltr'>TorcularIum</span> <span class='ocrx_word' id='word_1_41' title='bbox 673 1135 699 1192; x_wconf 92' lang='lat' dir='ltr'>si</span> <span class='ocrx_word' id='word_1_42' title='bbox 722 1133 878 1193; x_wconf 79' lang='lat' dir='ltr'>aedificare</span> <span class='ocrx_word' id='word_1_43' title='bbox 903 1133 982 1193; x_wconf 86' lang='lat' dir='ltr'>voles</span> 
     </span>
    </p>

    <p class='ocr_par' dir='ltr' id='par_1_8' title="bbox 352 1237 851 1317">
     <span class='ocr_line' id='line_1_9' title="bbox 352 1237 851 1317; baseline 0.004 -20"><span class='ocrx_word' id='word_1_44' title='bbox 352 1237 433 1299; x_wconf 95' lang='lat' dir='ltr'>XXll</span> <span class='ocrx_word' id='word_1_45' title='bbox 456 1240 489 1298; x_wconf 95' lang='lat' dir='ltr'>ln</span> <span class='ocrx_word' id='word_1_46' title='bbox 512 1258 580 1299; x_wconf 91' lang='lat' dir='ltr'>vasa</span> <span class='ocrx_word' id='word_1_47' title='bbox 604 1241 714 1299; x_wconf 90' lang='lat' dir='ltr'>vinaria</span> <span class='ocrx_word' id='word_1_48' title='bbox 735 1242 851 1317; x_wconf 87' lang='lat' dir='ltr'>stipites</span> 
     </span>
    </p>

    <p class='ocr_par' dir='ltr' id='par_1_9' title="bbox 351 1344 1185 1426">
     <span class='ocr_line' id='line_1_10' title="bbox 351 1344 1185 1426; baseline 0.004 -22"><span class='ocrx_word' id='word_1_49' title='bbox 351 1344 446 1405; x_wconf 95' lang='lat' dir='ltr'>XXIII</span> <span class='ocrx_word' id='word_1_50' title='bbox 470 1345 630 1424; x_wconf 87' lang='lat' dir='ltr'>Trapetum</span> <span class='ocrx_word' id='word_1_51' title='bbox 654 1365 713 1426; x_wconf 91' lang='lat' dir='ltr'>quo</span> <span class='ocrx_word' id='word_1_52' title='bbox 737 1347 824 1406; x_wconf 91' lang='lat' dir='ltr'>modo</span> <span class='ocrx_word' id='word_1_53' title='bbox 849 1348 1026 1407; x_wconf 88' lang='lat' dir='ltr'>concinnare</span> <span class='ocrx_word' id='word_1_54' title='bbox 1051 1354 1185 1425; x_wconf 90' lang='lat' dir='ltr'>oporteat</span> 
     </span>
    </p>

    <p class='ocr_par' dir='ltr' id='par_1_10' title="bbox 351 1450 950 1532">
     <span class='ocr_line' id='line_1_11' title="bbox 351 1450 950 1532; baseline 0.003 -22"><span class='ocrx_word' id='word_1_55' title='bbox 351 1450 460 1511; x_wconf 95' lang='lat' dir='ltr'>XXllll</span> <span class='ocrx_word' id='word_1_56' title='bbox 484 1452 594 1532; x_wconf 85' lang='lat' dir='ltr'>Cupam</span> <span class='ocrx_word' id='word_1_57' title='bbox 619 1472 677 1532; x_wconf 91' lang='lat' dir='ltr'>quo</span> <span class='ocrx_word' id='word_1_58' title='bbox 702 1453 789 1512; x_wconf 90' lang='lat' dir='ltr'>modo</span> <span class='ocrx_word' id='word_1_59' title='bbox 813 1453 950 1513; x_wconf 87' lang='lat' dir='ltr'>aedifices</span> 
     </span>
    </p>

    <p class='ocr_par' dir='ltr' id='par_1_11' title="bbox 350 1556 969 1638">
     <span class='ocr_line' id='line_1_12' title="bbox 350 1556 969 1638; baseline 0.005 -21"><span class='ocrx_word' id='word_1_60' title='bbox 350 1556 429 1617; x_wconf 96' lang='lat' dir='ltr'>XXV</span> <span class='ocrx_word' id='word_1_61' title='bbox 452 1557 614 1638; x_wconf 84' lang='lat' dir='ltr'>Trapctum</span> <span class='ocrx_word' id='word_1_62' title='bbox 638 1559 808 1638; x_wconf 91' lang='lat' dir='ltr'>quomodo</span> <span class='ocrx_word' id='word_1_63' title='bbox 833 1559 969 1620; x_wconf 85' lang='lat' dir='ltr'>aedifices</span> 
     </span>
    </p>

    <p class='ocr_par' dir='ltr' id='par_1_12' title="bbox 350 1664 1225 1744">
     <span class='ocr_line' id='line_1_13' title="bbox 350 1664 1225 1744; baseline 0.005 -21"><span class='ocrx_word' id='word_1_64' title='bbox 350 1664 441 1724; x_wconf 95' lang='lat' dir='ltr'>XXVI</span> <span class='ocrx_word' id='word_1_65' title='bbox 465 1665 508 1725; x_wconf 82' lang='lat' dir='ltr'>Ad</span> <span class='ocrx_word' id='word_1_66' title='bbox 534 1666 709 1726; x_wconf 89' lang='lat' dir='ltr'>viudemiam</span> <span class='ocrx_word' id='word_1_67' title='bbox 734 1684 809 1744; x_wconf 89' lang='lat' dir='ltr'>quae</span> <span class='ocrx_word' id='word_1_68' title='bbox 833 1684 917 1743; x_wconf 90' lang='lat' dir='ltr'>opus·</span> <span class='ocrx_word' id='word_1_69' title='bbox 932 1673 1001 1731; x_wconf 88' lang='lat' dir='ltr'>suut</span> <span class='ocrx_word' id='word_1_70' title='bbox 1024 1673 1058 1726; x_wconf 92' lang='lat' dir='ltr'>ut</span> <span class='ocrx_word' id='word_1_71' title='bbox 1081 1674 1225 1744; x_wconf 90' lang='lat' dir='ltr'>parentur</span> 
     </span>
    </p>

    <p class='ocr_par' dir='ltr' id='par_1_13' title="bbox 349 1771 1019 1852">
     <span class='ocr_line' id='line_1_14' title="bbox 349 1771 1019 1852; baseline 0.001 -21"><span class='ocrx_word' id='word_1_72' title='bbox 349 1771 455 1831; x_wconf 92' lang='lat' dir='ltr'>XXVII</span> <span class='ocrx_word' id='word_1_73' title='bbox 478 1772 585 1833; x_wconf 88' lang='lat' dir='ltr'>Vinum</span> <span class='ocrx_word' id='word_1_74' title='bbox 611 1791 751 1851; x_wconf 83' lang='lat' dir='ltr'>graecum</span> <span class='ocrx_word' id='word_1_75' title='bbox 775 1773 944 1852; x_wconf 91' lang='lat' dir='ltr'>quomodo</span> <span class='ocrx_word' id='word_1_76' title='bbox 969 1774 1019 1833; x_wconf 88' lang='lat' dir='ltr'>fiat</span> 
     </span>
    </p>

    <p class='ocr_par' dir='ltr' id='par_1_14' title="bbox 349 1878 876 1940">
     <span class='ocr_line' id='line_1_15' title="bbox 349 1878 876 1940; baseline 0.004 -2"><span class='ocrx_word' id='word_1_77' title='bbox 349 1878 469 1939; x_wconf 94' lang='lat' dir='ltr'>XXVIII</span> <span class='ocrx_word' id='word_1_78' title='bbox 493 1879 552 1939; x_wconf 91' lang='lat' dir='ltr'>Vva</span> <span class='ocrx_word' id='word_1_79' title='bbox 575 1887 658 1939; x_wconf 89' lang='lat' dir='ltr'>cocta</span> <span class='ocrx_word' id='word_1_80' title='bbox 682 1887 716 1939; x_wconf 92' lang='lat' dir='ltr'>ut</span> <span class='ocrx_word' id='word_1_81' title='bbox 740 1887 876 1940; x_wconf 89' lang='lat' dir='ltr'>servetur</span> 
     </span>
    </p>

    <p class='ocr_par' dir='ltr' id='par_1_15' title="bbox 347 1984 1453 2152">
     <span class='ocr_line' id='line_1_16' title="bbox 348 1984 1453 2065; baseline 0.001 -21"><span class='ocrx_word' id='word_1_82' title='bbox 348 1984 481 2046; x_wconf 94' lang='lat' dir='ltr'>XXVIIII</span> <span class='ocrx_word' id='word_1_83' title='bbox 504 1985 657 2046; x_wconf 88' lang='lat' dir='ltr'>Vindemia</span> <span class='ocrx_word' id='word_1_84' title='bbox 681 1986 757 2046; x_wconf 88' lang='lat' dir='ltr'>lacta</span> <span class='ocrx_word' id='word_1_85' title='bbox 781 1994 814 2046; x_wconf 89' lang='lat' dir='ltr'>ut</span> <span class='ocrx_word' id='word_1_86' title='bbox 839 2004 905 2046; x_wconf 86' lang='lat' dir='ltr'>vasa</span> <span class='ocrx_word' id='word_1_87' title='bbox 929 1984 1042 2047; x_wconf 91' lang='lat' dir='ltr'>torcula</span> <span class='ocrx_word' id='word_1_88' title='bbox 1066 1986 1254 2065; x_wconf 83' lang='lat' dir='ltr'>subligentur</span> <span class='ocrx_word' id='word_1_89' title='bbox 1426 2005 1453 2045; x_wconf 89' lang='lat'>15</span> 
     </span>
     <span class='ocr_line' id='line_1_17' title="bbox 347 2091 786 2152; baseline 0 -1"><span class='ocrx_word' id='word_1_90' title='bbox 347 2091 429 2152; x_wconf 92' lang='lat' dir='ltr'>XXX</span> <span class='ocrx_word' id='word_1_91' title='bbox 453 2092 616 2152; x_wconf 87' lang='lat' dir='ltr'>SementIm</span> <span class='ocrx_word' id='word_1_92' title='bbox 639 2099 673 2152; x_wconf 94' lang='lat' dir='ltr'>ut</span> <span class='ocrx_word' id='word_1_93' title='bbox 696 2092 786 2152; x_wconf 88' lang='lat' dir='ltr'>iacias</span> 
     </span>
    </p>

    <p class='ocr_par' dir='ltr' id='par_1_16' title="bbox 347 2176 1410 2366">
     <span class='ocr_line' id='line_1_18' title="bbox 347 2176 1410 2280; baseline 0.008 -23"><span class='ocrx_word' id='word_1_94' title='bbox 347 2176 442 2258; x_wconf 96' lang='lat' dir='ltr'>XXXl</span> <span class='ocrx_word' id='word_1_95' title='bbox 466 2198 552 2259; x_wconf 85' lang='lat' dir='ltr'>Oleas</span> <span class='ocrx_word' id='word_1_96' title='bbox 577 2198 744 2278; x_wconf 88' lang='lat' dir='ltr'>etreliqua</span> <span class='ocrx_word' id='word_1_97' title='bbox 768 2201 881 2259; x_wconf 88' lang='lat' dir='ltr'>semina</span> <span class='ocrx_word' id='word_1_98' title='bbox 910 2217 978 2259; x_wconf 86' lang='lat' dir='ltr'>curn</span> <span class='ocrx_word' id='word_1_99' title='bbox 1002 2218 1097 2279; x_wconf 86' lang='lat' dir='ltr'>seres,</span> <span class='ocrx_word' id='word_1_100' title='bbox 1126 2219 1184 2280; x_wconf 91' lang='lat' dir='ltr'>quo</span> <span class='ocrx_word' id='word_1_101' title='bbox 1213 2202 1300 2262; x_wconf 93' lang='lat' dir='ltr'>modo</span> <span class='ocrx_word' id='word_1_102' title='bbox 1324 2222 1410 2266; x_wconf 88' lang='lat' dir='ltr'>seras</span> 
     </span>
     <span class='ocr_line' id='line_1_19' title="bbox 347 2304 796 2366; baseline 0 -2"><span class='ocrx_word' id='word_1_103' title='bbox 347 2304 456 2365; x_wconf 94' lang='lat' dir='ltr'>XXXII</span> <span class='ocrx_word' id='word_1_104' title='bbox 480 2304 603 2365; x_wconf 87' lang='lat' dir='ltr'>Stercus</span> <span class='ocrx_word' id='word_1_105' title='bbox 627 2313 660 2366; x_wconf 90' lang='lat' dir='ltr'>ut</span> <span class='ocrx_word' id='word_1_106' title='bbox 684 2305 796 2365; x_wconf 90' lang='lat' dir='ltr'>dividas</span> 
     </span>
    </p>

    <p class='ocr_par' dir='ltr' id='par_1_17' title="bbox 347 2411 755 2473">
     <span class='ocr_line' id='line_1_20' title="bbox 347 2411 755 2473; baseline 0.002 -2"><span class='ocrx_word' id='word_1_107' title='bbox 347 2411 470 2472; x_wconf 94' lang='lat' dir='ltr'>XXXIII</span> <span class='ocrx_word' id='word_1_108' title='bbox 493 2412 595 2473; x_wconf 91' lang='lat' dir='ltr'>Bubus</span> <span class='ocrx_word' id='word_1_109' title='bbox 620 2413 755 2472; x_wconf 83' lang='lat' dir='ltr'>frondem</span> 
     </span>
    </p>

    <p class='ocr_par' dir='ltr' id='par_1_18' title="bbox 346 2518 1062 2598">
     <span class='ocr_line' id='line_1_21' title="bbox 346 2518 1062 2598; baseline 0.001 -20"><span class='ocrx_word' id='word_1_110' title='bbox 346 2518 481 2578; x_wconf 95' lang='lat' dir='ltr'>XXXllll</span> <span class='ocrx_word' id='word_1_111' title='bbox 505 2519 548 2579; x_wconf 83' lang='lat' dir='ltr'>Ad</span> <span class='ocrx_word' id='word_1_112' title='bbox 572 2518 666 2579; x_wconf 92' lang='lat' dir='ltr'>oleam</span> <span class='ocrx_word' id='word_1_113' title='bbox 691 2518 853 2597; x_wconf 84' lang='lat' dir='ltr'>cogendam</span> <span class='ocrx_word' id='word_1_114' title='bbox 877 2537 951 2598; x_wconf 87' lang='lat' dir='ltr'>quae</span> <span class='ocrx_word' id='word_1_115' title='bbox 975 2537 1062 2597; x_wconf 90' lang='lat' dir='ltr'>pares</span> 
     </span>
    </p>
   </div>
   <div class='ocr_carea' id='block_1_3' title="bbox 40 2795 1499 4115">
    <p class='ocr_par' dir='ltr' id='par_1_19' title="bbox 40 2795 1499 4115">
     <span class='ocr_line' id='line_1_22' title="bbox 329 2795 1408 2870; baseline 0.005 -18"><span class='ocrx_word' id='word_1_116' title='bbox 329 2804 343 2852; x_wconf 90' lang='lat'>1</span> <span class='ocrx_word' id='word_1_117' title='bbox 363 2813 462 2867; x_wconf 88' lang='lat' dir='ltr'>parare</span> <span class='ocrx_word' id='word_1_118' title='bbox 485 2796 527 2852; x_wconf 85' lang='lat' dir='ltr'>Vc</span> <span class='ocrx_word' id='word_1_119' title='bbox 541 2796 624 2863; x_wconf 76' lang='lat' dir='ltr'>Vna,</span> <span class='ocrx_word' id='word_1_120' title='bbox 643 2796 737 2866; x_wconf 86' lang='lat' dir='ltr'>parari</span> <span class='ocrx_word' id='word_1_121' title='bbox 755 2796 782 2850; x_wconf 99' lang='lat' dir='ltr'><strong><em>A</em></strong></span> <span class='ocrx_word' id='word_1_122' title='bbox 864 2803 879 2849; x_wconf 78' lang='lat'><strong>2</strong></span> <span class='ocrx_word' id='word_1_123' title='bbox 899 2795 931 2849; x_wconf 93' lang='lat' dir='ltr'>In</span> <span class='ocrx_word' id='word_1_124' title='bbox 950 2796 1022 2850; x_wconf 85' lang='lat' dir='ltr'>cella</span> <span class='ocrx_word' id='word_1_125' title='bbox 1045 2795 1150 2851; x_wconf 89' lang='lat' dir='ltr'>olearia</span> <span class='ocrx_word' id='word_1_126' title='bbox 1168 2815 1239 2866; x_wconf 88' lang='lat' dir='ltr'>quae</span> <span class='ocrx_word' id='word_1_127' title='bbox 1259 2817 1328 2870; x_wconf 88' lang='lat' dir='ltr'>opus</span> <span class='ocrx_word' id='word_1_128' title='bbox 1348 2803 1408 2858; x_wconf 85' lang='lat' dir='ltr'>sint</span> 
     </span>
     <span class='ocr_line' id='line_1_23' title="bbox 256 2884 1407 2957; baseline 0.003 -15"><span class='ocrx_word' id='word_1_129' title='bbox 256 2887 377 2957; x_wconf 67' lang='lat' dir='ltr'>Avia,</span> <span class='ocrx_word' id='word_1_130' title='bbox 400 2888 432 2941; x_wconf 91' lang='lat' dir='ltr'>In</span> <span class='ocrx_word' id='word_1_131' title='bbox 451 2886 523 2941; x_wconf 88' lang='lat' dir='ltr'>cella</span> <span class='ocrx_word' id='word_1_132' title='bbox 544 2885 650 2940; x_wconf 87' lang='lat' dir='ltr'>olearia</span> <span class='ocrx_word' id='word_1_133' title='bbox 668 2902 740 2955; x_wconf 87' lang='lat' dir='ltr'>quae</span> <span class='ocrx_word' id='word_1_134' title='bbox 760 2902 828 2953; x_wconf 89' lang='lat' dir='ltr'>opus</span> <span class='ocrx_word' id='word_1_135' title='bbox 847 2887 912 2939; x_wconf 83' lang='lat' dir='ltr'>sunt</span> <span class='ocrx_word' id='word_1_136' title='bbox 931 2884 986 2954; x_wconf 84' lang='lat' dir='ltr'>Pe,</span> <span class='ocrx_word' id='word_1_137' title='bbox 1010 2900 1061 2940; x_wconf 88' lang='lat' dir='ltr'>om.</span> <span class='ocrx_word' id='word_1_138' title='bbox 1079 2902 1095 2940; x_wconf 86' lang='lat' dir='ltr'><strong><em>v</em></strong></span> <span class='ocrx_word' id='word_1_139' title='bbox 1168 2893 1184 2940; x_wconf 89' lang='lat'><strong>3</strong></span> <span class='ocrx_word' id='word_1_140' title='bbox 1203 2887 1308 2943; x_wconf 85' lang='lat' dir='ltr'>Villam</span> <span class='ocrx_word' id='word_1_141' title='bbox 1327 2891 1407 2945; x_wconf 89' lang='lat' dir='ltr'>aedi-</span> 
     </span>
     <span class='ocr_line' id='line_1_24' title="bbox 218 2972 1407 3044; baseline 0.006 -15"><span class='ocrx_word' id='word_1_142' title='bbox 218 3010 221 3017; x_wconf 86' lang='lat'>·</span> <span class='ocrx_word' id='word_1_143' title='bbox 255 2977 392 3032; x_wconf 86' lang='lat' dir='ltr'>ficandam</span> <span class='ocrx_word' id='word_1_144' title='bbox 411 2976 435 3031; x_wconf 83' lang='lat' dir='ltr'>si</span> <span class='ocrx_word' id='word_1_145' title='bbox 453 2975 559 3031; x_wconf 84' lang='lat' dir='ltr'>locabis</span> <span class='ocrx_word' id='word_1_146' title='bbox 579 2975 661 3044; x_wconf 71' lang='lat' dir='ltr'>Vrec,</span> <span class='ocrx_word' id='word_1_147' title='bbox 681 2974 786 3029; x_wconf 84' lang='lat' dir='ltr'>Villam</span> <span class='ocrx_word' id='word_1_148' title='bbox 806 2972 1009 3030; x_wconf 86' lang='lat' dir='ltr'>aedificandam</span> <span class='ocrx_word' id='word_1_149' title='bbox 1028 2973 1101 3029; x_wconf 87' lang='lat' dir='ltr'>sicut</span> <span class='ocrx_word' id='word_1_150' title='bbox 1119 2975 1226 3030; x_wconf 89' lang='lat' dir='ltr'>locabis</span> <span class='ocrx_word' id='word_1_151' title='bbox 1245 2983 1276 3032; x_wconf 78' lang='lat' dir='ltr'>ut</span> <span class='ocrx_word' id='word_1_152' title='bbox 1294 2980 1407 3036; x_wconf 78' lang='lat' dir='ltr'>videtur</span> 
     </span>
     <span class='ocr_line' id='line_1_25' title="bbox 256 3061 1406 3139; baseline 0.004 -20"><span class='ocrx_word' id='word_1_153' title='bbox 256 3067 284 3119; x_wconf 93' lang='lat' dir='ltr'><em>P</em></span> <span class='ocrx_word' id='word_1_154' title='bbox 297 3067 401 3120; x_wconf 84' lang='lat' dir='ltr'>Villam</span> <span class='ocrx_word' id='word_1_155' title='bbox 417 3065 602 3120; x_wconf 86' lang='lat' dir='ltr'>edificandam</span> <span class='ocrx_word' id='word_1_156' title='bbox 616 3065 640 3118; x_wconf 86' lang='lat' dir='ltr'>si</span> <span class='ocrx_word' id='word_1_157' title='bbox 655 3063 792 3118; x_wconf 78' lang='lat' dir='ltr'>ablocabis</span> <span class='ocrx_word' id='word_1_158' title='bbox 801 3063 828 3116; x_wconf 89' lang='lat' dir='ltr'><strong><em>A</em></strong></span> <span class='ocrx_word' id='word_1_159' title='bbox 844 3062 947 3117; x_wconf 81' lang='lat' dir='ltr'>Villam</span> <span class='ocrx_word' id='word_1_160' title='bbox 958 3061 1143 3135; x_wconf 73' lang='lat' dir='ltr'>edificandam</span> <span class='ocrx_word' id='word_1_161' title='bbox 1153 3066 1276 3136; x_wconf 79' lang='lat' dir='ltr'>(rellqais</span> <span class='ocrx_word' id='word_1_162' title='bbox 1286 3069 1406 3139; x_wconf 80' lang='lat' dir='ltr'>omissis)</span> 
     </span>
     <span class='ocr_line' id='line_1_26' title="bbox 254 3150 1331 3223; baseline 0.002 -15"><span class='ocrx_word' id='word_1_163' title='bbox 254 3171 268 3208; x_wconf 90' lang='lat' dir='ltr'>c</span> <span class='ocrx_word' id='word_1_164' title='bbox 290 3154 396 3208; x_wconf 85' lang='lat' dir='ltr'>ViIlam</span> <span class='ocrx_word' id='word_1_165' title='bbox 414 3154 618 3210; x_wconf 87' lang='lat' dir='ltr'>aedificandam</span> <span class='ocrx_word' id='word_1_166' title='bbox 636 3152 775 3221; x_wconf 89' lang='lat' dir='ltr'>quomodo</span> <span class='ocrx_word' id='word_1_167' title='bbox 793 3150 874 3206; x_wconf 85' lang='lat' dir='ltr'>fabro</span> <span class='ocrx_word' id='word_1_168' title='bbox 893 3150 1000 3205; x_wconf 88' lang='lat' dir='ltr'>locabis</span> <span class='ocrx_word' id='word_1_169' title='bbox 1018 3167 1035 3205; x_wconf 84' lang='lat' dir='ltr'>a</span> <span class='ocrx_word' id='word_1_170' title='bbox 1112 3158 1128 3206; x_wconf 82' lang='lat'>5</span> <span class='ocrx_word' id='word_1_171' title='bbox 1147 3153 1284 3223; x_wconf 88' lang='lat' dir='ltr'>parciario</span> <span class='ocrx_word' id='word_1_172' title='bbox 1302 3156 1331 3209; x_wconf 90' lang='lat' dir='ltr'><strong><em>A</em></strong></span> 
     </span>
     <span class='ocr_line' id='line_1_27' title="bbox 254 3240 1406 3316; baseline 0.005 -20"><span class='ocrx_word' id='word_1_173' title='bbox 254 3248 270 3296; x_wconf 85' lang='lat'><strong>6</strong></span> <span class='ocrx_word' id='word_1_174' title='bbox 293 3241 425 3296; x_wconf 82' lang='lat' dir='ltr'>Materies</span> <span class='ocrx_word' id='word_1_175' title='bbox 446 3244 593 3312; x_wconf 87' lang='lat' dir='ltr'>(Macerias</span> <span class='ocrx_word' id='word_1_176' title='bbox 612 3244 635 3310; x_wconf 85' lang='lat' dir='ltr'>e)</span> <span class='ocrx_word' id='word_1_177' title='bbox 661 3240 729 3308; x_wconf 89' lang='lat' dir='ltr'>quid</span> <span class='ocrx_word' id='word_1_178' title='bbox 753 3241 819 3293; x_wconf 89' lang='lat' dir='ltr'>anni</span> <span class='ocrx_word' id='word_1_179' title='bbox 841 3240 1011 3310; x_wconf 83' lang='lat' dir='ltr'>tempestiua</span> <span class='ocrx_word' id='word_1_180' title='bbox 1034 3243 1076 3295; x_wconf 87' lang='lat' dir='ltr'>est</span> <span class='ocrx_word' id='word_1_181' title='bbox 1101 3241 1181 3298; x_wconf 90' lang='lat' dir='ltr'>PAc</span> <span class='ocrx_word' id='word_1_182' title='bbox 1203 3244 1334 3300; x_wconf 82' lang='lat' dir='ltr'>Materies</span> <span class='ocrx_word' id='word_1_183' title='bbox 1354 3249 1406 3316; x_wconf 89' lang='lat' dir='ltr'>qui</span> 
     </span>
     <span class='ocr_line' id='line_1_28' title="bbox 40 3327 1406 3404; baseline 0.004 -19"><span class='ocrx_word' id='word_1_184' title='bbox 40 3328 44 3341; x_wconf 88' lang='lat'><em>&#39;</em></span> <span class='ocrx_word' id='word_1_185' title='bbox 160 3339 165 3355; x_wconf 92' lang='lat'>&#39;</span> <span class='ocrx_word' id='word_1_186' title='bbox 253 3333 380 3400; x_wconf 86' lang='lat' dir='ltr'>tempore</span> <span class='ocrx_word' id='word_1_187' title='bbox 399 3332 466 3384; x_wconf 90' lang='lat' dir='ltr'>anni</span> <span class='ocrx_word' id='word_1_188' title='bbox 485 3330 653 3400; x_wconf 87' lang='lat' dir='ltr'>tempestiua</span> <span class='ocrx_word' id='word_1_189' title='bbox 672 3327 742 3382; x_wconf 86' lang='lat' dir='ltr'>sito</span> <span class='ocrx_word' id='word_1_190' title='bbox 815 3329 1003 3396; x_wconf 84' lang='lat' dir='ltr'>9Trapetum</span> <span class='ocrx_word' id='word_1_191' title='bbox 1022 3335 1077 3398; x_wconf 79' lang='lat' dir='ltr'>qud</span> <span class='ocrx_word' id='word_1_192' title='bbox 1097 3331 1258 3387; x_wconf 88' lang='lat' dir='ltr'>concinnari</span> <span class='ocrx_word' id='word_1_193' title='bbox 1272 3337 1406 3404; x_wconf 78' lang='lat' dir='ltr'>oporteat</span> 
     </span>
     <span class='ocr_line' id='line_1_29' title="bbox 253 3416 1405 3494; baseline 0.005 -21"><span class='ocrx_word' id='word_1_194' title='bbox 253 3420 281 3474; x_wconf 91' lang='lat' dir='ltr'><strong><em>P</em></strong></span> <span class='ocrx_word' id='word_1_195' title='bbox 295 3419 410 3490; x_wconf 87' lang='lat' dir='ltr'>Trapeti</span> <span class='ocrx_word' id='word_1_196' title='bbox 429 3420 598 3474; x_wconf 88' lang='lat' dir='ltr'>columnella</span> <span class='ocrx_word' id='word_1_197' title='bbox 616 3433 671 3486; x_wconf 87' lang='lat' dir='ltr'>quo</span> <span class='ocrx_word' id='word_1_198' title='bbox 691 3416 728 3471; x_wconf 86' lang='lat' dir='ltr'>sit</span> <span class='ocrx_word' id='word_1_199' title='bbox 742 3416 933 3473; x_wconf 87' lang='lat' dir='ltr'>concinnanda</span> <span class='ocrx_word' id='word_1_200' title='bbox 947 3417 1061 3473; x_wconf 83' lang='lat' dir='ltr'>modoo</span> <span class='ocrx_word' id='word_1_201' title='bbox 1135 3422 1300 3477; x_wconf 88' lang='lat' dir='ltr'>concinnare</span> <span class='ocrx_word' id='word_1_202' title='bbox 1321 3424 1405 3494; x_wconf 70' lang='lat' dir='ltr'>Vter,</span> 
     </span>
     <span class='ocr_line' id='line_1_30' title="bbox 253 3507 1405 3580; baseline 0.005 -16"><span class='ocrx_word' id='word_1_203' title='bbox 253 3508 413 3567; x_wconf 87' lang='lat' dir='ltr'>concinnari</span> <span class='ocrx_word' id='word_1_204' title='bbox 430 3508 458 3562; x_wconf 94' lang='lat' dir='ltr'><strong><em>A</em></strong></span> <span class='ocrx_word' id='word_1_205' title='bbox 477 3507 618 3563; x_wconf 88' lang='lat' dir='ltr'>concinari</span> <span class='ocrx_word' id='word_1_206' title='bbox 636 3523 650 3561; x_wconf 89' lang='lat' dir='ltr'>c</span> <span class='ocrx_word' id='word_1_207' title='bbox 722 3513 755 3561; x_wconf 92' lang='grc'>10</span> <span class='ocrx_word' id='word_1_208' title='bbox 771 3507 877 3578; x_wconf 85' lang='lat' dir='ltr'>Cupam</span> <span class='ocrx_word' id='word_1_209' title='bbox 896 3507 1036 3577; x_wconf 89' lang='lat' dir='ltr'>quomodo</span> <span class='ocrx_word' id='word_1_210' title='bbox 1050 3510 1181 3566; x_wconf 87' lang='lat' dir='ltr'>aedifices</span> <span class='ocrx_word' id='word_1_211' title='bbox 1197 3512 1329 3580; x_wconf 80' lang='lat' dir='ltr'>AcVict.,</span> <span class='ocrx_word' id='word_1_212' title='bbox 1350 3514 1405 3570; x_wconf 80' lang='lat' dir='ltr'>Cu-</span> 
     </span>
     <span class='ocr_line' id='line_1_31' title="bbox 252 3596 1324 3671; baseline 0.002 -16"><span class='ocrx_word' id='word_1_213' title='bbox 252 3618 318 3671; x_wconf 87' lang='lat' dir='ltr'>pam</span> <span class='ocrx_word' id='word_1_214' title='bbox 340 3599 445 3671; x_wconf 82' lang='lat' dir='ltr'>trapeti</span> <span class='ocrx_word' id='word_1_215' title='bbox 464 3603 518 3668; x_wconf 79' lang='lat' dir='ltr'>qud</span> <span class='ocrx_word' id='word_1_216' title='bbox 543 3597 672 3652; x_wconf 86' lang='lat' dir='ltr'>aedifices</span> <span class='ocrx_word' id='word_1_217' title='bbox 691 3596 719 3650; x_wconf 91' lang='lat' dir='ltr'><strong><em>P</em></strong></span> <span class='ocrx_word' id='word_1_218' title='bbox 739 3597 835 3667; x_wconf 86' lang='lat' dir='ltr'>Cuppa</span> <span class='ocrx_word' id='word_1_219' title='bbox 858 3599 961 3667; x_wconf 81' lang='lat' dir='ltr'>trapeti</span> <span class='ocrx_word' id='word_1_220' title='bbox 984 3616 1038 3668; x_wconf 90' lang='lat' dir='ltr'>quo</span> <span class='ocrx_word' id='word_1_221' title='bbox 1057 3600 1188 3655; x_wconf 87' lang='lat' dir='ltr'>fabrefiat</span> <span class='ocrx_word' id='word_1_222' title='bbox 1206 3603 1289 3656; x_wconf 90' lang='lat' dir='ltr'>modo</span> <span class='ocrx_word' id='word_1_223' title='bbox 1307 3619 1324 3656; x_wconf 83' lang='lat' dir='ltr'>a</span> 
     </span>
     <span class='ocr_line' id='line_1_32' title="bbox 253 3686 1499 3762; baseline 0.002 -18"><span class='ocrx_word' id='word_1_224' title='bbox 253 3696 284 3744; x_wconf 94' lang='lat'>11</span> <span class='ocrx_word' id='word_1_225' title='bbox 306 3690 458 3758; x_wconf 81' lang='lat' dir='ltr'>Trapetum</span> <span class='ocrx_word' id='word_1_226' title='bbox 481 3686 620 3755; x_wconf 88' lang='lat' dir='ltr'>quomodo</span> <span class='ocrx_word' id='word_1_227' title='bbox 645 3686 774 3741; x_wconf 87' lang='lat' dir='ltr'>aedifices</span> <span class='ocrx_word' id='word_1_228' title='bbox 799 3703 813 3741; x_wconf 88' lang='lat' dir='ltr'>c</span> <span class='ocrx_word' id='word_1_229' title='bbox 840 3686 921 3754; x_wconf 68' lang='lat' dir='ltr'>Vtar,</span> <span class='ocrx_word' id='word_1_230' title='bbox 945 3705 1005 3742; x_wconf 81' lang='lat' dir='ltr'>eam</span> <span class='ocrx_word' id='word_1_231' title='bbox 1028 3705 1140 3744; x_wconf 73' lang='lat' dir='ltr'>numero</span> <span class='ocrx_word' id='word_1_232' title='bbox 1158 3688 1235 3744; x_wconf 89' lang='lat' dir='ltr'>XXV</span> <span class='ocrx_word' id='word_1_233' title='bbox 1257 3692 1289 3746; x_wconf 81' lang='lat' dir='ltr'>in</span> <span class='ocrx_word' id='word_1_234' title='bbox 1311 3708 1402 3762; x_wconf 73' lang='lat' dir='ltr'>mary.</span> <span class='ocrx_word' id='word_1_235' title='bbox 1495 3734 1499 3739; x_wconf 91' lang='lat'><em>.</em></span> 
     </span>
     <span class='ocr_line' id='line_1_33' title="bbox 251 3775 1405 3849; baseline 0.003 -17"><span class='ocrx_word' id='word_1_236' title='bbox 251 3779 315 3834; x_wconf 84' lang='lat' dir='ltr'>add.</span> <span class='ocrx_word' id='word_1_237' title='bbox 330 3776 370 3846; x_wconf 88' lang='lat' dir='ltr'>A,</span> <span class='ocrx_word' id='word_1_238' title='bbox 392 3775 537 3842; x_wconf 79' lang='lat' dir='ltr'>Quomodo</span> <span class='ocrx_word' id='word_1_239' title='bbox 554 3775 634 3830; x_wconf 85' lang='lat' dir='ltr'>faber</span> <span class='ocrx_word' id='word_1_240' title='bbox 652 3777 794 3845; x_wconf 83' lang='lat' dir='ltr'>trapetum</span> <span class='ocrx_word' id='word_1_241' title='bbox 809 3776 1003 3832; x_wconf 84' lang='lat' dir='ltr'>accommodet</span> <span class='ocrx_word' id='word_1_242' title='bbox 1015 3794 1045 3844; x_wconf 84' lang='lat' dir='ltr'>o,</span> <span class='ocrx_word' id='word_1_243' title='bbox 1064 3779 1113 3832; x_wconf 80' lang='lat' dir='ltr'>abi</span> <span class='ocrx_word' id='word_1_244' title='bbox 1129 3777 1233 3833; x_wconf 80' lang='lat' dir='ltr'>‘vacat&#39;</span> <span class='ocrx_word' id='word_1_245' title='bbox 1250 3780 1405 3849; x_wconf 68' lang='lat' dir='ltr'>adscripsit</span> 
     </span>
     <span class='ocr_line' id='line_1_34' title="bbox 252 3862 1404 3935; baseline 0.004 -15"><span class='ocrx_word' id='word_1_246' title='bbox 252 3866 280 3920; x_wconf 91' lang='lat' dir='ltr'><strong><em>P</em></strong></span> <span class='ocrx_word' id='word_1_247' title='bbox 352 3872 383 3919; x_wconf 81' lang='lat'>12</span> <span class='ocrx_word' id='word_1_248' title='bbox 402 3865 448 3919; x_wconf 90' lang='lat' dir='ltr'>Ad</span> <span class='ocrx_word' id='word_1_249' title='bbox 470 3862 642 3918; x_wconf 89' lang='lat' dir='ltr'>uindemiam</span> <span class='ocrx_word' id='word_1_250' title='bbox 661 3862 859 3930; x_wconf 79' lang='lat' dir='ltr'>(Aduindemia</span> <span class='ocrx_word' id='word_1_251' title='bbox 876 3866 900 3934; x_wconf 86' lang='lat' dir='ltr'>o)</span> <span class='ocrx_word' id='word_1_252' title='bbox 920 3881 991 3934; x_wconf 87' lang='lat' dir='ltr'>quae</span> <span class='ocrx_word' id='word_1_253' title='bbox 1010 3881 1079 3933; x_wconf 90' lang='lat' dir='ltr'>opus</span> <span class='ocrx_word' id='word_1_254' title='bbox 1098 3866 1163 3919; x_wconf 86' lang='lat' dir='ltr'>sunt</span> <span class='ocrx_word' id='word_1_255' title='bbox 1181 3866 1213 3918; x_wconf 85' lang='lat' dir='ltr'>ut</span> <span class='ocrx_word' id='word_1_256' title='bbox 1231 3868 1367 3935; x_wconf 86' lang='lat' dir='ltr'>parentur</span> <span class='ocrx_word' id='word_1_257' title='bbox 1387 3886 1404 3925; x_wconf 85' lang='lat' dir='ltr'>c</span> 
     </span>
     <span class='ocr_line' id='line_1_35' title="bbox 254 3952 1402 4025; baseline 0.006 -19"><span class='ocrx_word' id='word_1_258' title='bbox 254 3953 335 4023; x_wconf 69' lang='lat' dir='ltr'>Vita,</span> <span class='ocrx_word' id='word_1_259' title='bbox 354 3954 390 4009; x_wconf 87' lang='lat' dir='ltr'>ad</span> <span class='ocrx_word' id='word_1_260' title='bbox 409 3952 582 4009; x_wconf 88' lang='lat' dir='ltr'>uindemiam</span> <span class='ocrx_word' id='word_1_261' title='bbox 600 3968 671 4021; x_wconf 90' lang='lat' dir='ltr'>quae</span> <span class='ocrx_word' id='word_1_262' title='bbox 686 3969 755 4022; x_wconf 85' lang='lat' dir='ltr'>opus</span> <span class='ocrx_word' id='word_1_263' title='bbox 769 3952 826 4007; x_wconf 86' lang='lat' dir='ltr'>sint</span> <span class='ocrx_word' id='word_1_264' title='bbox 839 3954 871 4007; x_wconf 88' lang='lat' dir='ltr'>ut</span> <span class='ocrx_word' id='word_1_265' title='bbox 884 3955 1017 4022; x_wconf 87' lang='lat' dir='ltr'>parentur</span> <span class='ocrx_word' id='word_1_266' title='bbox 1032 3955 1060 4007; x_wconf 93' lang='lat' dir='ltr'><strong><em>P</em></strong></span> <span class='ocrx_word' id='word_1_267' title='bbox 1076 3955 1121 4009; x_wconf 89' lang='lat' dir='ltr'>Ad</span> <span class='ocrx_word' id='word_1_268' title='bbox 1139 3954 1309 4009; x_wconf 87' lang='lat' dir='ltr'>uindemiam</span> <span class='ocrx_word' id='word_1_269' title='bbox 1325 3974 1402 4025; x_wconf 86' lang='lat' dir='ltr'>quae</span> 
     </span>
     <span class='ocr_line' id='line_1_36' title="bbox 251 4041 1403 4115; baseline 0.004 -18"><span class='ocrx_word' id='word_1_270' title='bbox 251 4059 320 4114; x_wconf 88' lang='lat' dir='ltr'>opus</span> <span class='ocrx_word' id='word_1_271' title='bbox 338 4047 370 4099; x_wconf 84' lang='lat' dir='ltr'>ut</span> <span class='ocrx_word' id='word_1_272' title='bbox 388 4045 523 4115; x_wconf 79' lang='lat' dir='ltr'>parentur</span> <span class='ocrx_word' id='word_1_273' title='bbox 535 4042 563 4096; x_wconf 94' lang='lat' dir='ltr'><strong><em>A</em></strong></span> <span class='ocrx_word' id='word_1_274' title='bbox 582 4041 659 4106; x_wconf 80' lang='lat' dir='ltr'>Quae</span> <span class='ocrx_word' id='word_1_275' title='bbox 678 4042 715 4096; x_wconf 91' lang='lat' dir='ltr'>ad</span> <span class='ocrx_word' id='word_1_276' title='bbox 733 4041 904 4095; x_wconf 90' lang='lat' dir='ltr'>uindemiam</span> <span class='ocrx_word' id='word_1_277' title='bbox 919 4060 988 4111; x_wconf 89' lang='lat' dir='ltr'>opus</span> <span class='ocrx_word' id='word_1_278' title='bbox 1003 4041 1109 4098; x_wconf 85' lang='lat' dir='ltr'>suntin</span> <span class='ocrx_word' id='word_1_279' title='bbox 1124 4045 1249 4114; x_wconf 87' lang='lat' dir='ltr'>tempore</span> <span class='ocrx_word' id='word_1_280' title='bbox 1262 4047 1403 4113; x_wconf 85' lang='lat' dir='ltr'>parentur</span> 
     </span>
    </p>
   </div>
   <div class='ocr_carea' id='block_1_4' title="bbox 248 4142 1402 4508">
    <p class='ocr_par' dir='ltr' id='par_1_20' title="bbox 248 4142 1402 4508">
     <span class='ocr_line' id='line_1_37' title="bbox 249 4142 1402 4232; baseline 0.003 -10"><span class='ocrx_word' id='word_1_281' title='bbox 249 4183 264 4222; x_wconf 82' lang='lat' dir='ltr'>a</span> <span class='ocrx_word' id='word_1_282' title='bbox 324 4174 358 4224; x_wconf 80' lang='lat'>14</span> <span class='ocrx_word' id='word_1_283' title='bbox 376 4170 439 4224; x_wconf 90' lang='lat' dir='ltr'>Vua</span> <span class='ocrx_word' id='word_1_284' title='bbox 458 4170 539 4223; x_wconf 86' lang='lat' dir='ltr'>cocta</span> <span class='ocrx_word' id='word_1_285' title='bbox 557 4169 589 4221; x_wconf 88' lang='lat' dir='ltr'>ut</span> <span class='ocrx_word' id='word_1_286' title='bbox 607 4169 733 4222; x_wconf 85' lang='lat' dir='ltr'>seruetur</span> <span class='ocrx_word' id='word_1_287' title='bbox 748 4165 883 4232; x_wconf 69' lang='lat' dir='ltr'>Portet,</span> <span class='ocrx_word' id='word_1_288' title='bbox 902 4142 945 4219; x_wconf 80' lang='lat' dir='ltr'>vi</span> <span class='ocrx_word' id='word_1_289' title='bbox 965 4168 1090 4222; x_wconf 79' lang='lat' dir='ltr'>coriaut</span> <span class='ocrx_word' id='word_1_290' title='bbox 1107 4169 1233 4222; x_wconf 73' lang='lat' dir='ltr'>seruatur</span> <span class='ocrx_word' id='word_1_291' title='bbox 1245 4169 1273 4222; x_wconf 93' lang='lat' dir='ltr'><strong><em>A</em></strong></span> <span class='ocrx_word' id='word_1_292' title='bbox 1291 4167 1402 4226; x_wconf 88' lang='lat' dir='ltr'>Vinum</span> 
     </span>
     <span class='ocr_line' id='line_1_38' title="bbox 249 4255 1400 4326; baseline 0.003 -15"><span class='ocrx_word' id='word_1_293' title='bbox 249 4258 360 4312; x_wconf 87' lang='lat' dir='ltr'>coctum</span> <span class='ocrx_word' id='word_1_294' title='bbox 383 4275 437 4326; x_wconf 88' lang='lat' dir='ltr'>quo</span> <span class='ocrx_word' id='word_1_295' title='bbox 456 4258 506 4312; x_wconf 86' lang='lat' dir='ltr'>fiat</span> <span class='ocrx_word' id='word_1_296' title='bbox 524 4259 607 4312; x_wconf 90' lang='lat' dir='ltr'>modo</span> <span class='ocrx_word' id='word_1_297' title='bbox 625 4274 641 4311; x_wconf 86' lang='lat' dir='ltr'><strong><em>v</em></strong></span> <span class='ocrx_word' id='word_1_298' title='bbox 728 4260 761 4309; x_wconf 83' lang='lat'>15</span> <span class='ocrx_word' id='word_1_299' title='bbox 780 4255 930 4310; x_wconf 87' lang='lat' dir='ltr'>Vindemia</span> <span class='ocrx_word' id='word_1_300' title='bbox 952 4256 1029 4311; x_wconf 82' lang='lat' dir='ltr'>facia</span> <span class='ocrx_word' id='word_1_301' title='bbox 1047 4259 1079 4312; x_wconf 84' lang='lat' dir='ltr'>ut</span> <span class='ocrx_word' id='word_1_302' title='bbox 1096 4274 1164 4312; x_wconf 88' lang='lat' dir='ltr'>uasa</span> <span class='ocrx_word' id='word_1_303' title='bbox 1182 4258 1291 4312; x_wconf 83' lang='lat' dir='ltr'>torcula</span> <span class='ocrx_word' id='word_1_304' title='bbox 1309 4258 1400 4314; x_wconf 88' lang='lat' dir='ltr'>subli-</span> 
     </span>
     <span class='ocr_line' id='line_1_39' title="bbox 248 4344 1398 4416; baseline 0.002 -15"><span class='ocrx_word' id='word_1_305' title='bbox 248 4348 350 4416; x_wconf 84' lang='lat' dir='ltr'>gentur</span> <span class='ocrx_word' id='word_1_306' title='bbox 374 4345 506 4416; x_wconf 82' lang='lat' dir='ltr'>PcVa&#39;el.,</span> <span class='ocrx_word' id='word_1_307' title='bbox 534 4344 684 4401; x_wconf 88' lang='lat' dir='ltr'>Vindemia</span> <span class='ocrx_word' id='word_1_308' title='bbox 706 4345 782 4400; x_wconf 82' lang='lat' dir='ltr'>facta</span> <span class='ocrx_word' id='word_1_309' title='bbox 806 4345 837 4398; x_wconf 85' lang='lat' dir='ltr'>ut</span> <span class='ocrx_word' id='word_1_310' title='bbox 864 4362 901 4399; x_wconf 88' lang='lat' dir='ltr'>ua</span> <span class='ocrx_word' id='word_1_311' title='bbox 927 4345 1036 4400; x_wconf 83' lang='lat' dir='ltr'>torcula</span> <span class='ocrx_word' id='word_1_312' title='bbox 1060 4347 1232 4416; x_wconf 82' lang='lat' dir='ltr'>subligentur</span> <span class='ocrx_word' id='word_1_313' title='bbox 1256 4347 1283 4400; x_wconf 94' lang='lat' dir='ltr'><strong><em>A</em></strong></span> <span class='ocrx_word' id='word_1_314' title='bbox 1312 4347 1398 4413; x_wconf 81' lang='lat' dir='ltr'>Quod</span> 
     </span>
     <span class='ocr_line' id='line_1_40' title="bbox 248 4434 1301 4508; baseline 0.001 -20"><span class='ocrx_word' id='word_1_315' title='bbox 248 4435 390 4490; x_wconf 81' lang='lat' dir='ltr'>uindemio</span> <span class='ocrx_word' id='word_1_316' title='bbox 407 4434 483 4490; x_wconf 83' lang='lat' dir='ltr'>iacta</span> <span class='ocrx_word' id='word_1_317' title='bbox 500 4453 570 4491; x_wconf 85' lang='lat' dir='ltr'>uasa</span> <span class='ocrx_word' id='word_1_318' title='bbox 587 4434 759 4508; x_wconf 82' lang='lat' dir='ltr'>reponantur</span> <span class='ocrx_word' id='word_1_319' title='bbox 777 4451 793 4488; x_wconf 87' lang='lat' dir='ltr'>o</span> <span class='ocrx_word' id='word_1_320' title='bbox 890 4439 922 4488; x_wconf 76' lang='grc'>17</span> <span class='ocrx_word' id='word_1_321' title='bbox 942 4449 1005 4488; x_wconf 88' lang='lat' dir='ltr'>cum</span> <span class='ocrx_word' id='word_1_322' title='bbox 1023 4436 1109 4506; x_wconf 85' lang='lat' dir='ltr'>seres]</span> <span class='ocrx_word' id='word_1_323' title='bbox 1129 4451 1255 4489; x_wconf 83' lang='lat' dir='ltr'>conseres</span> <span class='ocrx_word' id='word_1_324' title='bbox 1274 4436 1301 4489; x_wconf 89' lang='lat' dir='ltr'><strong><em>A</em></strong></span> 
     </span>
    </p>
   </div>
   <div class='ocr_carea' id='block_1_5' title="bbox 0 0 1504 5026">
    <p class='ocr_par' dir='ltr' id='par_1_21' title="bbox 0 0 1504 5026">
     <span class='ocr_line' id='line_1_41' title="bbox 0 0 1504 5026; baseline 0 6"><span class='ocrx_word' id='word_1_325' title='bbox 0 0 1504 5026; x_wconf 95' lang='lat' dir='ltr'> </span> 
     </span>
    </p>
   </div>
  </div>
 </body>
</html>
