3000 5026
399 334 528 390 nuntii
546 333 785 391 RVSTIGARVM
803 336 869 391 LIB.
889 339 902 392 I
921 331 1042 390 33-37
1233 340 1295 407 173

152 498 289 575 pulvinos
320 501 398 581 fieri,
431 503 725 581 quosinrigationes
753 511 783 564 et
810 503 925 583 pluviae
953 513 1144 585 tempestates
1172 507 1296 569 abluunt

152 614 181 666 ct
198 591 344 686 ‘agrum‘
366 609 479 669 faciunt
522 612 705 671 macriorem.
765 629 781 670 a
822 611 937 677 favonio
974 630 1069 691 usque
1106 613 1141 673 ad
1179 616 1331 675 arcturi2·

152 722 288 774 exortum
308 723 397 776 recte
424 716 576 795 serpillum
600 735 616 777 e
640 718 798 777 seminario
822 719 991 799 transferri,
1020 721 1098 798 quod
1122 720 1235 781 dictum
1258 720 1294 781 ab

152 836 198 899 eo,
231 822 312 900 quod
345 825 446 902 serpit.
496 824 591 884 fossas
623 842 713 885 novas
742 824 855 905 fodere,
888 834 1003 887 veteres
1030 834 1161 906 tergere,
1194 829 1294 887 vincas

127 926 365 1008 tarbustumque
392 937 510 1012 putare,
538 931 610 992 dum
638 933 668 991 in
696 946 744 994 xv
773 931 878 993 dicbus
906 940 973 993 ante
1001 940 1031 994 et
1058 943 1127 1012 post
1149 933 1293 1014 brumam,

150 1040 182 1092 ut
218 1035 376 1117 pleraque,
412 1056 450 1098 ne
487 1038 586 1099 iacias.
642 1056 697 1098 nec
728 1056 788 1098 non
820 1049 883 1100 tum
917 1040 1027 1119 aliquid
1060 1048 1142 1101 recte
1175 1042 1293 1119 seritur,

151 1146 182 1199 ut
204 1141 287 1203 ulmi.

237 1248 348 1310 Octavo
389 1250 543 1311 intervallo
579 1252 658 1312 inter
694 1251 829 1313 brumam
867 1261 897 1314 et
933 1253 1083 1313 favonium
1120 1253 1192 1314 haec
1229 1254 1294 1313 teri
1312 1254 1429 1317 XXXVI

153 1363 276 1430 oportet.
322 1357 359 1417 de
383 1358 543 1440 segetibus,
567 1360 651 1437 siqua
676 1366 722 1419 cst
740 1377 824 1440 aqua,
846 1359 966 1421 deduci:
990 1362 1035 1420 sin
1056 1361 1205 1421 siccitates
1224 1368 1294 1421 sunt

114 1464 183 1518 10et
202 1470 283 1524 terra
306 1465 538 1526 teneritudinem
565 1465 667 1546 hahet,
696 1468 797 1527 sarire.
843 1469 944 1527 vineas
972 1466 1151 1546 arbustaque
1179 1475 1293 1546 putare.

154 1583 216 1628 cum
239 1571 270 1630 in
294 1572 374 1650 agris
397 1590 472 1651 opus
496 1573 561 1632 ficri
584 1590 644 1632 non
667 1580 773 1652 potest,
798 1591 872 1652 quae
896 1573 952 1633 sub
977 1582 1055 1634 tecto
1077 1581 1203 1652 possunt
1221 1581 1293 1635 tunc

153 1677 331 1738 conficienda
349 1680 522 1740 antelucano
542 1687 675 1758 ternpore
694 1679 831 1741 hiberno.
869 1699 944 1760 quae
963 1681 1025 1740 dixi
1045 1682 1156 1760 scripta
1177 1689 1208 1741 et
1225 1699 1292 1760 pro-

147 1785 242 1860 posita
265 1784 376 1846 hahere
398 1787 430 1845 in
453 1785 520 1846 villa
544 1793 675 1866 oportet,
698 1789 823 1847 maxime
846 1798 880 1849 ut
902 1787 1008 1848 vilicus
1031 1790 1118 1848 norit.

234 1893 305 1953 Dies
328 1892 446 1954 lunares
470 1911 588 1972 quoque
611 1892 796 1974 observandi,
819 1895 872 1973 qui
894 1895 1022 1974 quodam
1040 1895 1128 1954 modo
1147 1894 1289 1976 bipertiti,
1303 1895 1438 1956 XXXVll

10 2020 12 2027 ·
97 1994 227 2074 ¹⁵quod
256 2019 273 2060 a
301 2019 376 2061 nova
403 2000 472 2060 luna
500 2001 609 2060 crescit
636 1999 671 2059 ad
700 2000 816 2080 plenam
845 2009 875 2061 ct
901 2002 970 2062 inde
998 2019 1104 2062 rursus
1127 2000 1163 2061 ad
1187 2019 1292 2061 novam

110 2101 246 2167 lunam
274 2107 435 2182 decrescit,
466 2106 561 2186 quaad
588 2108 686 2167 veniat
714 2107 749 2167 ad
779 2109 1059 2188 intermenstruum,
1088 2106 1131 2185 [c]
1160 2108 1291 2186 quodie

97 2207 256 2275 dicitur
283 2213 353 2275 luna
381 2231 447 2274 csse
474 2221 606 2274 extrema
634 2222 664 2274 et
690 2217 799 2296 prima,
831 2233 847 2276 a
876 2234 934 2293 quo
963 2234 1032 2276 eum
1061 2214 1137 2275 diem
1167 2213 1291 2274 Athenis

83 2319 294 2392 appellant
316 2318 388 2400 ἕνην
410 2319 460 2382 καὶ
481 2319 560 2399 νέαν,
584 2317 727 2402 τριακάδα
745 2322 805 2382 alii.
849 2322 992 2402 quaedam
1011 2321 1143 2383 iacienda
1162 2323 1193 2381 in
1212 2323 1291 2399 agris

68 2423 243 2488 totius
295 2436 449 2489 crescente
499 2428 568 2491 luna
619 2448 707 2509 quam
758 2438 944 2510 senescente,
995 2429 1137 2509 quaedam
1188 2436 1291 2489 contra
1391 2468 1396 2475 -

29 2506 209 2594 wissae
264 2543 372 2617 metas,
417 2546 451 2598 ut
495 2537 643 2600 frumenta
688 2545 718 2598 et
757 2537 883 2598 caeduas
925 2536 1020 2598 silvas.
1083 2535 1146 2616 Ego
1186 2537 1315 2617 istaec,2

55 2671 357 2702 X*

190 2773 249 2824 20
268 2786 321 2840 ego
339 2768 428 2826 istaec
446 2770 522 2827 Plio.
541 2776 586 2840 16,
607 2774 660 2826 194

53 2893 357 2924 ''X—-

54 2993 319 3070 Memora,
345 3007 461 3058 aeteram
483 3016 559 3055 nario
581 3004 674 3055 aotam
697 2999 815 3066 faciam,
840 2998 866 3053 oi
884 2999 974 3068 possit
996 2999 1118 3067 aliquam
1140 2999 1289 3052 meditatam

57 3069 258 3167 afferre:
281 3092 368 3146 Terra
385 3089 530 3146 adruende
546 3089 686 3159 pulcinos,
706 3089 758 3145 etc.
797 3088 909 3144 Caetera
926 3089 971 3143 ltic
988 3089 1124 3155 restituta,
1142 3104 1176 3141 aa
1194 3087 1289 3142 iisdem

60 3156 210 3229 hbriss
238 3187 349 3251 sumpta
365 3187 439 3250 caat,
458 3187 483 3237 ct
500 3181 570 3235 uitio
589 3179 691 3235 careat’
718 3178 858 3234 Victorias
948 3175 1163 3246 linrigetiones
1182 3174 1210 3230 A
1228 3174 1289 3230 irri-

65 3251 272 3327 gationes
305 3271 362 3326 ΥΒ
447 3274 476 3326 et
502 3270 616 3340 pluuias
649 3257 833 3338 tempestates
866 3269 894 3321 P
925 3267 1064 3323 Victorias
1096 3269 1125 3320 et
1155 3265 1288 3334 pluuiane

68 3337 327 3421 impetratos
342 3361 369 3414 A
389 3361 418 3414 et
435 3359 533 3430 pluuia
552 3361 581 3414 et
598 3359 782 3428 tempestates
797 3359 825 3412 B
844 3360 873 3411 et
890 3356 1005 3426 planiae
1024 3357 1054 3409 et
1071 3356 1254 3425 tempestates
1272 3372 1288 3410 o

194 3451 228 3503 2
247 3448 353 3504 fatiunt
371 3448 399 3502 A
455 3448 619 3504 macriorem
633 3448 692 3502 PA
703 3447 841 3502 Victorias
859 3447 993 3501 maiorem
1006 3445 1034 3499 Β
1051 3445 1217 3500 minorema
1272 3450 1290 3497 4

75 3512 230 3593 lassas
244 3539 273 3593 A
292 3554 361 3594 corr.
380 3539 470 3594 fossas
484 3538 525 3592 A²
597 3543 613 3591 6
632 3537 766 3608 ploraque
784 3535 840 3590 VB
857 3535 1021 3606 plerumque
1035 3534 1064 3589 A
1080 3535 1244 3604 pleramque
1262 3549 1290 3586 m

196 3627 330 3684 sarritur
347 3627 375 3682 A

195 3718 228 3768 8
252 3718 324 3772 hoec
346 3716 406 3771 fieri
424 3714 486 3770 AB
509 3715 563 3769 hcc
586 3714 647 3769 fieri
675 3714 702 3767 V
771 3714 862 3782 θεία,
872 3712 928 3768 ΥΒ
951 3711 975 3766 si
997 3730 1024 3768 m
1047 3717 1073 3767 et
1090 3713 1122 3767 iri
1142 3728 1245 3767 rasura
1262 3712 1288 3765 A

82 3779 134 3834 νεῖ
171 3803 239 3859 ⁴1²
315 3811 348 3859 10
366 3803 546 3859 tcritudinem
564 3804 592 3856 Β
664 3809 698 3857 13
717 3801 863 3872 proposita
882 3801 975 3858 PAR
993 3801 1121 3871 positar

166 3889 228 3946 15
248 3894 326 3964 quod
348 3911 366 3947 a
383 3909 457 3948 noua
481 3891 538 3946 ΥΒ
561 3892 635 3961 qaod
658 3892 694 3946 ab
718 3908 830 3960 nououo
848 3890 876 3945 A
931 3896 963 3946 16
983 3890 1058 3959 quod
1077 3890 1212 3945 adueniat
1230 3889 1290 3944 AB

86 3970 234 4039 quoad
256 3982 353 4039 ueniat
375 3982 403 4037 V
419 3981 494 4050 quod
515 3981 613 4060 ueniat
636 3981 774 4036 Victorias
846 3979 975 4035 edeleoit
999 3979 1116 4034 Ursinus
1190 3983 1222 4031 17
1242 3994 1289 4031 ex-

86 4041 244 4145 trema]
273 4074 352 4127 extra
374 4069 402 4125 A
491 4087 554 4125 eum
578 4069 665 4141 diem]
689 4088 753 4125 eum
776 4069 850 4124 diem
874 4068 1003 4149 facienda
1025 4066 1055 4119 in
1079 4065 1154 4135 agris
1173 4066 1200 4118 A

89 4129 261 4218 abhenas
284 4177 353 4216 corr.
372 4192 406 4200 —
424 4158 468 4214 nis
487 4160 515 4213 A
607 4165 640 4213 18
668 4158 814 4230 appellant
843 4151 909 4225 ἕνην
933 4154 982 4210 καὶ
1005 4151 1074 4209 νέαν
1098 4152 1250 4223 τριακάδος
1273 4170 1289 4208 v

89 4218 158 4281 ubi
190 4248 350 4322 τριακάδα
368 4249 485 4306 correxit
502 4254 528 4304 et
545 4250 576 4304 ia
594 4251 717 4319 marpirrc
732 4264 820 4303 conen
833 4263 937 4320 aenean
951 4243 1078 4299 triacada
1092 4243 1241 4312 adscripsit
1254 4241 1287 4308 P,

91 4321 290 4394 appellant
302 4356 389 4394 canen
403 4355 471 4393 cene
485 4337 577 4393 antrio
592 4341 597 4408 1
613 4338 684 4394 cada
698 4339 724 4393 A
740 4337 886 4407 appellant
899 4351 985 4390 conen
1000 4331 1249 4390 caeneantriecada
1258 4331 1286 4385 Β

203 4465 251 4520 20
271 4466 358 4521 istaec
378 4464 407 4517 P
425 4428 531 4517 istahec
549 4462 578 4517 A
595 4463 650 4520 ista
668 4467 698 4520 et
715 4465 743 4520 Β
761 4464 815 4518 ista
832 4462 904 4516 haec
921 4478 949 4515 m
966 4460 1022 4515 ista
1040 4459 1126 4515 etiam
1144 4476 1161 4514 a
