3000 5026
409 110 995 182 omfflmmmmmm
1147 94 1272 175 ‘95

216 274 323 335 Semen
347 279 483 354 cupressi
506 297 564 357 quo
587 279 674 338 modo
698 278 756 357 legi
779 281 839 339 seri
862 281 1079 358 propagarique
1095 287 1228 358 oporteat
1242 287 1272 338 et
1291 280 1342 336 cut

124 400 185 460 quo
209 391 295 460 pacto
323 391 496 462 cupresseto
521 387 580 444 seri
611 393 754 464 oporteat.
795 385 910 447 Manius
935 386 1118 447 Percennius
1141 385 1272 446 Nolanus

124 489 161 549 ad
176 489 257 550 hunc
274 491 393 550 modum
408 495 590 554 monstravit.
629 512 729 554 semen
750 496 886 572 cupressi
901 496 1064 555 tarentinae
1079 511 1133 571 per
1148 510 1199 551 ver
1214 490 1272 570 legi
1291 497 1309 552 2

124 604 256 676 oportet;
279 599 445 678 materiem,
470 599 522 659 ubi
545 599 690 660 hordeum
714 601 853 662 flavescit.
891 601 921 660 id
946 599 998 662 ubi
1017 589 1132 680 legeris,
1156 601 1187 658 in
1211 596 1271 658 sole

89 725 110 765 5
124 704 242 784 ponito,
266 721 368 764 semen
390 714 525 784 purgato.
563 707 592 765 id
616 707 732 766 aridum
757 707 890 787 condito,
915 710 959 767 uti
982 708 1097 768 aridum
1117 712 1272 784 expostum

125 810 190 869 siet.
228 828 282 888 per
306 829 358 871 ver
382 813 473 872 serito
497 815 527 872 in
551 812 615 872 loco
640 812 692 872 ubi
715 820 794 872 terra
819 815 978 873 tenerrima
1002 817 1072 894 erit,
1096 831 1185 892 quam
1208 811 1272 890 pul-

125 913 182 976 lam
207 926 326 997 vocant,
350 917 402 978 ubi
425 937 500 998 aqua
524 921 726 998 proptersiet.
769 939 837 980 eum
851 919 949 979 locum
964 928 1127 981 stercorato
1142 922 1272 998 primum

125 1019 201 1082 bene
226 1030 357 1083 stercore
382 1027 502 1103 caprino
526 1034 578 1086 aut
597 1025 697 1105 ovillo,
722 1033 784 1086 turn
800 1028 907 1085 sortito
923 1026 1045 1108 bipalio,
1069 1035 1178 1087 terram
1203 1044 1271 1085 curn

127 1137 258 1189 stercore
273 1129 348 1198 bene
363 1134 551 1212 permisceto,
575 1133 737 1211 depurgato
762 1132 798 1192 ab
813 1133 904 1192 herba
920 1133 1171 1212 graminibusque,
1195 1132 1271 1192 bene

59 1262 111 1304 10
127 1243 235 1296 terram
260 1239 451 1299 conminuito
489 1257 572 1299 arcas
599 1239 687 1299 tacito
711 1223 805 1318 pedes
831 1239 903 1300 latas
927 1248 1100 1319 quaternos:
1129 1240 1309 1301 subcavas3

129 1342 228 1423 tacito,
251 1346 297 1405 uti
320 1351 425 1424 aquam
449 1348 602 1406 continere
625 1349 755 1425 possint:
784 1349 862 1407 inter
886 1366 936 1407 eas
960 1348 1058 1408 sulcos
1083 1349 1183 1425 tacita,
1213 1365 1269 1426 qua

129 1449 233 1511 herbas
257 1452 293 1511 de
318 1453 394 1511 areis
422 1470 550 1530 purgare
578 1453 683 1530 possis
721 1451 773 1511 ubi
801 1471 886 1512 arrae
915 1453 1008 1513 iactae
1037 1461 1138 1533 erunt,
1169 1471 1270 1513 semen

132 1560 216 1618 serito
240 1557 393 1637 crebrum,
417 1560 456 1618 ita
481 1561 525 1618 uti
548 1558 640 1619 linum
665 1560 725 1618 seri
748 1559 831 1619 solet.
869 1578 904 1618 eo
928 1559 1027 1619 cribro
1048 1569 1155 1621 terram
1176 1562 1272 1620 inccr-

133 1665 201 1744 nito,
230 1665 415 1726 dimidiatum
444 1664 569 1743 digitum
597 1673 707 1726 terram
736 1664 822 1726 altam
853 1668 1030 1726 succernito.
1072 1666 1101 1726 id
1131 1665 1205 1726 bene
1230 1675 1270 1726 ta-

57 1793 105 1838 15
135 1767 195 1830 bula
220 1779 271 1832 aut
299 1772 435 1831 manibus
464 1780 514 1831 aut
541 1772 667 1850 pedibus
692 1771 875 1850 conplanato.
922 1772 1064 1850 siquando
1094 1791 1151 1832 non
1181 1773 1310 1852 pluet,4

47 1952 49 1956 Ι
135 1879 170 1936 uti
193 1887 273 1938 terra
298 1865 391 1958 sitiat,
416 1897 520 1957 aquam
545 1880 671 1957 inrigato
696 1878 802 1938 leniter
826 1881 855 1938 in
881 1897 971 1938 areas.
1017 1881 1042 1938 si
1066 1898 1124 1938 non
1148 1878 1271 1939 habebis

131 1985 204 2044 unde
229 1986 350 2065 inrigeS,
374 1987 468 2064 gerito
492 1985 645 2065 inditoque
670 1985 784 2045 leniter.
819 1987 1085 2065 quotienscumque
1106 2004 1180 2064 opus
1205 1987 1270 2066 crit,

120 2085 214 2150 facito
239 2093 283 2150 uti
307 2110 412 2170 aquam
428 2091 525 2151 addas,
563 2093 588 2150 si
602 2091 711 2151 herbae
727 2099 811 2151 natae
827 2099 927 2173 erunt,
952 2092 1039 2151 tacito
1054 2093 1098 2151 uti
1114 2091 1149 2150 ab
1168 2091 1270 2152 herbis

198 2286 212 2332 1
234 2279 334 2335 Samen
353 2279 474 2350 cupressi
493 2297 514 2334 c.
533 2284 569 2334 48
590 2281 810 2347 Piirr.16,139.
831 2286 883 2335 141
956 2288 971 2335 6
992 2297 1076 2349 quam
1094 2282 1201 2351 pullam
1222 2299 1270 2336 vo-

10 2419 13 2426 .
93 2371 191 2424 cant
211 2369 288 2424 Piirr.
307 2375 353 2438 17,
372 2373 408 2423 36
481 2375 513 2422 12
534 2387 628 2423 samen
647 2370 730 2424 serito
750 2370 877 2425 crebrum
898 2369 965 2426 Gaii.
985 2370 1112 2438 11114,
1132 2376 1167 2426 17

198 2572 211 2618 1
233 2567 264 2623 It.
286 2564 356 2620 CLX
376 2566 542 2636 Cupressum
562 2566 701 2633 quomodo
727 2581 809 2620 seras.
848 2564 948 2619 Semen
974 2565 1097 2635 cupressi
1116 2546 1194 2637 iimo
1213 2567 1271 2636 legi

65 2652 177 2706 fleri
203 2655 408 2724 propagarique
432 2655 561 2724 oporteat
580 2655 606 2707 A
635 2654 803 2722 Cupressum
827 2654 965 2720 quomodo
990 2670 1073 2707 seras.
1112 2672 1206 2708 semen
1226 2674 1271 2710 ou·

55 2744 213 2801 pressi
228 2749 266 2813 (ῑῑι
285 2745 342 2814 legi
355 2753 367 2807 l
381 2744 435 2800 seri
450 2755 458 2799 t
472 2743 650 2813 propagariq;
671 2742 800 2810 oporteat
812 2741 838 2793 P
857 2741 1022 2809 Cupressum
1041 2743 1181 2810 quomodo
1197 2760 1271 2797 seras

54 2822 80 2873 b
101 2825 231 2901 Vici,
251 2833 312 2898 Quo
332 2836 415 2904 pacto
431 2834 591 2902 cupresseto
605 2829 659 2884 seri
674 2830 831 2899 oporteato
905 2829 1005 2883 Seruon
1025 2829 1147 2898 cupressi
1161 2830 1271 2898 quando

48 2908 182 2984 legi
208 2923 262 2977 seri
285 2923 490 2993 propagarique
510 2923 640 2990 oporteat
658 2921 686 2973 ct
709 2936 764 2988 quo
790 2921 872 2988 pacto
892 2923 1052 2987 cupresseto
1070 2918 1125 2973 seri
1144 2921 1273 2989 oporteat

57 2996 280 3080 Victorius,
300 3014 329 3066 et
349 3030 404 3080 quo
423 3014 506 3081 pacto
526 3012 685 3080 cupresseto
704 3008 757 3064 seri
775 3009 905 3077 oporteat
924 3008 1048 3077 (oportet
1066 3024 1135 3064 corr.
1157 3010 1215 3063 -eat
1233 3011 1271 3078 A)
1315 3031 1316 3034 ¹

36 3099 346 3156 postratusque
365 3103 396 3156 ira
414 3102 496 3155 initio
514 3088 721 3168 capressina,
736 3103 799 3166 post
817 3098 956 3152 rubricam
974 3113 1054 3150 onir
1124 3084 1142 3151 '2
1163 3099 1272 3154 Manius

55 3171 281 3258 Victor-tos,
300 3188 402 3244 minius
422 3190 481 3244 AR
500 3187 618 3242 Memius
634 3187 666 3254 V,
685 3187 734 3240 orbi
752 3182 787 3238 at’
808 3185 915 3239 menius
934 3186 965 3238 ro
983 3187 1106 3255 margine
1124 3188 1273 3256 adscripsit

46 3259 105 3311 Ρ
111 3309 135 3330 ,
197 3280 243 3332 seri
264 3280 388 3347 priorum
411 3276 512 3330 minius
531 3277 664 3344 scripturn
688 3275 786 3341 fuisse,
814 3273 938 3328 dcr'rrdei
957 3275 988 3327 irr
1007 3280 1144 3328 antidoto
1165 3277 1272 3329 menius

43 3348 232 3421 factum
250 3384 304 3422 esse
322 3368 430 3421 ridetur
536 3362 701 3435 perceuuius
720 3365 746 3416 A
752 3363 770 3429 f
776 3362 843 3416 Viri.
863 3361 1007 3431 percenius
1025 3363 1061 3417 bc
1079 3365 1225 3432 parcemus
1247 3365 1274 3416 P

48 3433 332 3511 Parthenium
411 3454 603 3510 3tareutiuue
628 3452 684 3506 VR
702 3451 852 3507 terrentiue
872 3457 899 3505 A
993 3453 1163 3507 thordeum
1185 3452 1212 3505 P
1230 3470 1272 3506 or·

1250 3543 1259 3580 1

55 3577 212 3652 deum
232 3599 314 3653 ARr
396 3598 579 3665 bexpostuur
600 3594 690 3649 PAR
709 3592 899 3663 expositumr
981 3595 1103 3650 souino
1123 3594 1178 3648 PR
1198 3595 1272 3650 ouilo

60 3671 117 3724 A
159 3687 286 3742 ouiloo
373 3686 456 3755 tab]
476 3686 512 3740 ad
530 3686 557 3739 A
645 3690 677 3738 10
696 3681 848 3737 cominuito
871 3681 898 3736 V
912 3683 1093 3738 comminuito
1112 3683 1139 3736 a
1159 3684 1272 3737 commi-

65 3766 202 3828 nuto
218 3777 245 3830 A
318 3776 410 3846 areas]
430 3791 524 3829 aream
543 3774 569 3827 A
589 3790 657 3828 corr.
677 3789 756 3827 areas
774 3778 806 3826 ut
823 3771 985 3825 uidero-rm
1058 3778 1088 3824 11
1110 3771 1151 3824 uti
1170 3789 1272 3838 aquam

77 3848 281 3937 filinae,
299 3865 342 3920 uti
362 3881 447 3919 cauae
466 3881 572 3932 aquam
596 3863 621 3916 V
710 3867 743 3915 12
763 3861 796 3916 de
815 3860 899 3930 areis]
919 3860 952 3913 de
972 3858 1040 3912 arria
1058 3859 1085 3911 A
1178 3865 1211 3910 14
1229 3859 1271 3927 id]

81 3932 1170 4020 Qnmmmuarmmmmfflmma
1324 3967 1326 3971 .

96 4025 148 4080 ¹ss
179 4037 305 4114 iurigato
324 4033 503 4113 Afirrigato
526 4041 590 4096 Vbc
676 4046 709 4095 17
728 4040 832 4108 iuriges
853 4037 953 4104 PAcf
970 4035 1069 4105 irriges
1089 4035 1126 4089 bc
1205 4050 1272 4102 quc-

101 4109 312 4204 hieuscunque
337 4133 393 4186 VR
412 4131 640 4200 quotiescumque
659 4131 685 4183 A
759 4134 792 4182 18
811 4126 896 4182 facito
915 4125 957 4180 uti
976 4142 1079 4194 aquam
1099 4124 1171 4190 Abf
1188 4123 1273 4179 facies

115 4205 167 4261 ¹¹5
194 4235 292 4288 aquam
316 4222 350 4278 V:
369 4222 456 4277 facito
476 4251 508 4260 -—
530 4223 611 4274 erunt
629 4236 713 4275 orno
