3000 5026
184 301 225 364 78
679 302 835 358 CATONIS

182 468 227 527 vel
251 469 413 546 iunipirum
437 469 611 529 contundito
635 472 666 529 in
689 470 761 550 pila,
793 470 899 529 libram
930 469 1024 529 indito
1055 472 1084 528 in
1117 469 1234 530 duobus
1258 490 1329 531 con-

181 576 238 652 giis
266 576 327 634 vini
354 577 476 655 veteriS,
509 578 540 635 in
571 595 638 636 vase
667 577 779 636 aheneo
808 576 854 636 vel
882 579 912 636 in
941 574 1079 655 plumbeo
1108 576 1329 639 defervefacito.

182 680 233 740 uhi
257 681 420 760 refrixerit,
444 684 473 740 in
497 683 631 759 lagonam
650 683 752 743 indito.
786 683 815 742 id
836 701 921 742 mane
936 685 1054 742 ieiunus
1069 685 1178 744 sumito
1194 694 1329 763 cyatum:

181 788 323 865 proderit.

56 901 162 958 txxtss
271 894 377 955 Vinum
401 896 436 955 ad
461 897 585 956 isciaeos
611 899 653 957 sic
678 896 774 957 facito.
813 897 848 956 de
872 898 1002 975 iunipiro
1026 900 1181 958 materiem
1200 901 1357 978 semipes

180 1001 247 1061 dem
276 1020 407 1061 crassam
436 1003 583 1063 concidito
613 1006 758 1064 minutim.
799 1022 863 1063 eam
891 1004 1094 1064 inserveiacito
1123 1023 1191 1064 cum
1219 1008 1328 1084 congio

179 1109 240 1167 vini
264 1111 381 1168 veteris.
424 1109 476 1169 uhi
504 1110 668 1190 refrixerit,
697 1111 728 1168 iu
756 1110 889 1188 lagonam
919 1111 1092 1170 confundito
1116 1120 1146 1170 et
1168 1120 1271 1190 postea
1296 1112 1328 1171 id

179 1217 255 1274 utito
279 1217 340 1274 vini
364 1223 480 1294 cyatum
504 1235 589 1276 mane
613 1218 746 1276 ieiunus:
779 1217 921 1294 proderit.
959 1263 960 1266 ,

55 1328 159 1384 CXXIV
267 1321 522 1405 Canes-interdiu
553 1323 668 1383 clausos
697 1341 763 1382 esse
791 1330 921 1402 oportet,
953 1330 986 1383 ut
1015 1333 1106 1384 noctu
1134 1327 1265 1384 acriores
1297 1335 1329 1386 et

178 1427 379 1504 vigilantiores
403 1431 470 1488 sint.
1341 1446 1370 1486 1⁰

69 1540 160 1597 CXXV
268 1534 374 1596 Vinum
397 1545 547 1596 murteum
572 1539 615 1595 sic
639 1537 736 1596 iacito.
773 1545 902 1596 murtam
928 1538 1041 1614 nigram
1065 1538 1187 1597 ariacito
1211 1539 1240 1596 in
1261 1557 1328 1598 um·

177 1639 238 1699 bra.
277 1641 327 1700 ubi
351 1644 408 1702 iam
432 1661 516 1720 passa
541 1645 610 1723 erit,
636 1651 751 1703 servato
775 1644 811 1702 ad
835 1643 1025 1724 vindemiam,
1049 1646 1079 1702 in
1104 1662 1209 1703 urnam
1233 1647 1328 1705 musti

178 1748 353 1808 contundite
384 1757 500 1808 murtae
525 1750 703 1829 semodium,
731 1750 761 1809 id
790 1749 922 1809 oblinito.
964 1750 1016 1809 ubi
1044 1750 1185 1809 desiverit
1209 1751 1329 1813 fervere

177 1862 321 1934 mustum,
346 1863 473 1916 murtam
497 1858 626 1916 eximito.
664 1857 692 1916 id
717 1865 763 1916 est
786 1857 821 1916 ad
846 1856 943 1916 alvum
967 1857 1089 1916 crudam
1113 1865 1143 1916 et
1166 1857 1202 1916 ad
1221 1856 1329 1918 lateris

177 1959 308 2020 dolorem
332 1970 362 2021 et
386 1964 421 2023 ad
446 1963 616 2024 coeliacum.
1341 1975 1369 2017 ¹⁵

248 2156 280 2203 11
301 2151 404 2206 vinum
423 2157 562 2208 murteum
582 2155 659 2209 Petu.
680 2158 723 2219 14,
745 2157 804 2206 104.
825 2157 868 2217 15,
887 2156 943 2206 123
1344 2134 1362 2167 ⁶

248 2347 433 2416 linnipirum
454 2348 523 2414 Aes
545 2348 703 2417 iuniperum
729 2346 755 2399 V
770 2307 963 2415 iunipirumb
1072 2348 1184 2401 condito
1204 2350 1231 2401 A
1252 2366 1325 2405 corr.

176 2435 340 2489 contundito
359 2437 400 2489 A²
471 2443 487 2490 2
506 2437 613 2491 aheneo
633 2436 708 2490 PAe
728 2452 815 2489 aeneo
834 2437 870 2488 bo
943 2442 959 2488 3
978 2437 1110 2507 lagonam
1131 2436 1224 2491 PAR
1243 2438 1324 2508 lage-

176 2539 240 2576 nam
258 2541 282 2578 o.
320 2523 434 2594 Lagona
451 2526 482 2578 in
500 2527 624 2593 maraine
642 2525 791 2592 &emansit
806 2525 834 2577 P
904 2526 1016 2588 cyatum
1035 2542 1049 2577 c
1068 2525 1200 2593 cyathum
1221 2525 1248 2579 V
1266 2526 1325 2581 cia-

335 2626 344 2653 1

175 2668 235 2718 tum
253 2668 280 2719 A
286 2668 303 2733 f
318 2671 431 2736 eyatum
450 2668 465 2720 b
653 2724 664 2743 ‚

247 2762 263 2808 5
282 2757 314 2810 R.
335 2755 460 2810 CXXXII
478 2745 587 2812 Vinum'
600 2756 756 2810 adisoiacos
775 2758 854 2825 (coer.
874 2757 911 2810 ad
929 2756 1067 2810 disniacos
1085 2755 1137 2826 An)
1160 2757 1326 2814 concinnare

175 2846 203 2899 A
221 2846 324 2899 Vinum
343 2847 379 2900 ad
397 2847 515 2901 isciacos
534 2846 700 2901 concinnare
720 2847 767 2899 Pb
787 2844 889 2900 Vinum
909 2845 945 2900 ad
963 2845 1099 2900 ischiucos
1118 2846 1289 2902 concinuere
1308 2865 1326 2902 v

237 2938 274 2990 ad
291 2936 410 2991 isciacos
430 2937 445 2990 b
465 2935 501 2989 ad
520 2934 656 2990 ischiaoos
670 2935 696 2988 V
711 2936 748 2990 ed
766 2952 864 3003 syceos
883 2953 897 2989 c
916 2934 1057 2988 adiniacos
1075 2936 1101 2987 A
1121 2951 1189 2988 corr.
1208 2935 1247 2989 ud
1267 2937 1325 2992 diu-

174 3025 269 3080 niacos
288 3025 330 3078 A²
410 3025 530 3095 iunipiro
550 3027 621 3092 Aof
634 3023 761 3092 iunipero
786 3023 875 3078 VA²c
957 3029 971 3076 7
991 3022 1130 3077 refrixeris
1150 3040 1218 3078 corr.
1238 3025 1279 3079 -it
1297 3028 1326 3079 A

245 3115 376 3183 lagonam
398 3115 457 3167 PR
474 3117 625 3184 langonam
644 3114 670 3165 A
689 3112 838 3181 lagoenam
857 3130 873 3165 o
980 3110 1089 3165 Suiito
1111 3111 1189 3165 PAc
1211 3110 1326 3169 utito’o

174 3204 295 3256 utitoro
385 3205 496 3272 cyaium
516 3201 576 3255 AR
604 3199 736 3268 cyathum
763 3199 789 3252 V
875 3217 956 3253 mane
975 3199 1084 3253 ieiunus
1103 3194 1192 3267 (ieuus
1210 3203 1325 3271 cipro·

174 3291 247 3345 derit
264 3291 427 3359 AocVui,
456 3306 538 3344 mane
556 3286 658 3340 ieiunis
676 3287 834 3354 proderiio
863 3287 972 3341 ieiunus
991 3287 1115 3354 proderit
1136 3288 1187 3354 Pf
1211 3290 1326 3357 (mineo

173 3396 264 3447 mane,
283 3383 354 3450 qood
372 3383 404 3434 in
418 3379 546 3448 principe
565 3377 681 3429 editione
699 3377 794 3430 delevit
813 3376 849 3444 P)

244 3477 259 3523 9
279 3471 312 3523 R.
332 3467 471 3523 CXXXIII
490 3465 528 3518 Ut
545 3464 666 3519 interdiu
686 3465 799 3519 claudos
820 3465 900 3532 (corr.
916 3464 1036 3532 clausos)
1055 3467 1158 3521 habeas
1173 3467 1201 3520 A
1221 3467 1262 3524 Ut
1281 3470 1325 3525 iu·

172 3559 264 3613 terdiu
289 3576 371 3613 canes
396 3557 505 3610 clausos
530 3553 635 3608 habear
660 3554 705 3607 Vb
737 3554 775 3608 nt
794 3553 876 3609 canes
899 3553 1021 3607 interdiu
1045 3556 1189 3610 conclusos
1212 3558 1325 3615 habeas

178 3649 328 3788 Vtetirlmlsi.
349 3732 501 3788 CXXXIIII
515 3732 618 3786 Vinum
636 3736 773 3786 murteum
794 3733 833 3786 sie
853 3733 938 3786 facito
953 3732 1034 3787 APa
1054 3733 1158 3788 Vinum
1176 3739 1323 3805 myrteum

173 3824 212 3877 sic
230 3824 316 3877 facito
330 3841 347 3877 o
361 3822 465 3876 Vinum
482 3823 621 3877 murteum
641 3841 668 3890 q.
683 3839 708 3876 a.
724 3840 760 3874 nn.
779 3821 871 3875 facere
891 3820 994 3875 debeas
1009 3821 1145 3876 Victorius
1213 3825 1322 3881 Vinum

171 3915 310 3966 murteum
329 3912 369 3966 sic
388 3912 474 3966 facito
489 3918 553 3980 poet
571 3913 711 3965 rubricam
729 3908 790 3961 AR
819 3907 920 3961 Vinum
940 3909 1099 3964 Murtheum
1119 3911 1158 3965 sic
1177 3912 1268 3970 facito
1288 3917 1323 3984 P,

169 4071 254 4110 ome
339 4056 460 4110 murtam
481 4054 574 4108 PAR
593 4054 712 4122 myrtum
731 4068 747 4104 o
834 4050 950 4105 arfacito
969 4052 1067 4119 PAef
1082 4013 1200 4110 uriacito
1220 4057 1238 4110 b
1259 4074 1322 4114 are-

169 4144 290 4198 faciioo
381 4151 414 4198 13
432 4146 542 4198 murtae
563 4140 655 4194 PAR
678 4141 819 4207 myriaeo
851 4156 854 4161 ·
909 4139 1043 4194 desiuerii·
1064 4142 1140 4196 VAb
1166 4143 1323 4202 desierite

169 4233 337 4298 desinenti
413 4234 533 4285 muriam
556 4229 647 4284 PAR
666 4233 787 4297 myrtum
805 4246 822 4282 o
903 4236 934 4283 16
954 4230 990 4284 ad
1009 4232 1161 4285 coeliacum
1182 4233 1264 4289 PAc
1281 4237 1320 4290 ad

170 4319 305 4372 reliacum
325 4321 340 4372 b
365 4320 400 4372 ad
420 4320 556 4373 coliacum
574 4321 592 4386 f
612 4319 648 4372 ad
667 4317 834 4372 canliacum:
854 4318 883 4370 ei
901 4318 925 4371 si
944 4318 1024 4373 aluus
1043 4336 1098 4373 non
1117 4321 1268 4378 consistet:
1288 4327 1320 4378 et

170 4408 205 4461 ud
224 4406 314 4462 tineas
334 4411 363 4462 et
381 4408 530 4463 lumbricos
548 4425 564 4461 o
