3000 5026
507 306 555 359 DE
575 303 663 359 AGRI
682 304 853 360 CVLTVRA
872 305 900 360 O.
922 313 1006 369 2-3
1290 304 1330 367 15

184 480 296 554 vetera,
320 490 438 532 servum
463 448 572 553 senem,
596 490 715 533 servum
730 457 915 553 morbosum,
939 479 968 532 et
983 471 1081 550 siquid
1101 471 1173 532 aliut
1192 474 1331 553 supersit,

183 579 303 639 vendat.
339 588 454 659 patrem
478 580 602 641 familias
625 580 798 660 vendacem,
822 598 881 640 non
905 597 1035 639 emacem
1059 597 1123 638 esse
1148 585 1273 657 oportet.

275 684 374 745 Prima
397 685 596 748 adulescentia
611 693 726 766 patrem
741 687 865 747 lamiliae
885 705 989 764 agrum
1008 703 1166 746 conserere
1182 683 1330 762 [stertere]
1351 683 1389 740 ΙΙΙ

185 799 319 873 oportet,
348 793 503 853 aedificare
531 793 582 853 diu
610 797 740 874 cogitare
768 801 899 875 oportet;
929 812 1086 854 conserere
1115 795 1244 870 cogitare
1272 811 1331 852 nou

158 906 321 980 soportct,
344 900 395 960 sed
420 900 517 961 lacere
541 908 667 979 oportet.
705 901 757 961 ubi
781 909 860 961 aetas
884 903 1009 961 accessit
1040 901 1075 960 ad
1099 918 1191 960 annos
1214 914 1332 980 xxxvl,

185 1013 250 1067 tum
279 1006 434 1066 aedificare
458 1015 588 1088 oportet,
620 1010 645 1068 si
668 1026 771 1086 agrum
796 1010 944 1069 consitum
967 1007 1084 1069 habeas
1121 1010 1162 1068 ita
1185 1007 1332 1086 aedifices,

184 1130 223 1172 ne
248 1111 316 1172 villa
335 1113 460 1173 fundum
479 1122 602 1193 quaerat
629 1134 703 1176 neue
721 1115 839 1191 fundus
858 1119 967 1176 uillurn.
1006 1121 1122 1192 patrem
1137 1113 1261 1173 lamiliae
1281 1111 1332 1172 vil·
1353 1124 1370 1179 2

184 1218 243 1279 lam
270 1222 415 1280 rusticam
443 1219 518 1281 bene
547 1222 730 1283 aedificatam
755 1222 864 1282 babere
893 1222 1025 1302 expedit,
1056 1220 1158 1281 cellam
1186 1219 1333 1301 oleariam,

115 1356 128 1375 .
185 1327 342 1407 vinariam,
370 1327 447 1387 dolia
470 1329 576 1411 multa,
606 1332 651 1390 uti
679 1328 780 1390 lubeat
803 1332 956 1391 caritatem
985 1335 1154 1407 expectare:
1179 1336 1209 1387 et
1232 1329 1277 1387 rei
1304 1333 1334 1386 et
1384 1377 1387 1386 ,

149 1445 172 1484 1⁰
185 1433 290 1493 virtuti
314 1440 344 1494 et
367 1433 477 1512 gloriae
501 1437 566 1496 erit.
612 1435 771 1496 torcularia
800 1435 875 1495 bona
904 1434 1014 1495 habere
1039 1442 1168 1514 oportet,
1198 1442 1231 1494 ut
1259 1452 1333 1512 opus

186 1537 260 1600 bene
290 1541 369 1600 ellici
396 1544 499 1620 possit.
541 1542 604 1602 olea
633 1542 686 1602 ubi
708 1542 784 1603 lecta
808 1544 877 1624 siet,
906 1541 1004 1603 oleum
1032 1543 1083 1602 liat
1111 1543 1266 1621 continuo,
1297 1558 1333 1599 ne

187 1656 404 1730 corrumpatur.
450 1651 578 1727 cogitato
612 1652 770 1728 quotannis
799 1656 990 1729 tempestates
1023 1667 1143 1727 magnas
1172 1649 1272 1707 venire
1303 1654 1333 1706 et

189 1752 279 1813 oleam
313 1754 430 1816 deicere
464 1755 568 1815 solere.
615 1758 640 1815 si
673 1758 731 1817 cito
765 1756 922 1817 sustuleris
955 1764 985 1816 et
1013 1775 1079 1817 vasa
1109 1762 1210 1834 parata
1235 1760 1370 1833 erunt,3

190 1859 284 1921 damni
313 1861 386 1921 nihil
418 1865 475 1922 erit
498 1881 532 1921 en
562 1870 737 1941 tempestate
763 1871 792 1923 et
816 1863 913 1923 oleum
937 1862 1062 1922 viridius
1091 1869 1120 1921 et
1143 1862 1249 1922 melius
1273 1862 1332 1921 liet.

159 1976 181 2016 15
192 1967 212 2025 si
233 1969 265 2027 in
289 1973 368 2028 terra
387 1976 423 2028 ,et
447 1969 576 2029 tabulato
600 1969 662 2029 olea
687 1971 811 2030 nimium
835 1970 885 2030 diu
909 1971 974 2050 erit,
998 1976 1146 2049 putescet,
1171 1969 1267 2028 oleum
1292 1969 1332 2027 le·
1352 1973 1371 2029 4

191 2074 279 2134 lidum
303 2075 363 2135 liet.
401 2094 436 2135 ex
460 2078 563 2155 quavis
587 2076 650 2136 olea
681 2077 778 2137 oleum
801 2077 926 2137 viridius
950 2085 979 2138 et
1002 2075 1113 2136 bonum
1137 2076 1201 2135 deri
1224 2082 1331 2154 potest,

191 2180 211 2237 si
233 2183 362 2259 temperi
385 2181 484 2242 iacies.
521 2185 551 2242 in
575 2185 677 2261 iugera
701 2183 771 2244 oleti
795 2197 865 2244 cxx
889 2203 956 2244 vasa
979 2183 1048 2243 bina
1072 2201 1137 2243 esse
1157 2190 1283 2263 oportet,
1306 2183 1332 2241 si
1352 2188 1370 2245 5

188 2285 296 2347 oletum
320 2287 441 2348 bonum
456 2288 591 2369 beneque
616 2290 756 2370 frequens
780 2291 953 2370 cultumque
977 2293 1042 2351 erit.
1085 2297 1216 2369 trapetos
1240 2289 1333 2349 bonos

184 2395 285 2468 privos
309 2395 429 2474 inpares
454 2414 519 2456 esse
543 2404 668 2478 oportet,
693 2399 719 2456 si
742 2397 829 2457 orbes
853 2399 974 2479 contriti
998 2399 1083 2477 sient,
1107 2404 1141 2456 nt
1160 2403 1331 2456 conmutare

130 2508 166 2547 20
180 2503 297 2582 possis,
322 2503 408 2563 lunas
431 2503 529 2564 loreos
552 2506 662 2585 privos,
686 2505 785 2566 vectes
809 2523 905 2586 senos,
929 2505 1034 2566 fibulas
1057 2503 1218 2584 duodenas,
1242 2503 1331 2563 medi·
1371 2548 1373 2552 Α

259 2716 272 2762 1
289 2726 400 2764 servum
414 2726 507 2764 senem
520 2710 664 2765 Plutarch.
682 2711 739 2766 Oct.
750 2717 801 2766 cd
873 2719 888 2767 2
903 2711 1141 2782 patremfamilias
1153 2711 1229 2766 Pun
1241 2715 1286 2778 18,
1297 2714 1333 2764 30

168 2793 277 2855 Dium.
293 2816 324 2868 p.
344 2803 410 2865 368,
429 2804 469 2855 26
532 2806 569 2856 ‚3
587 2801 678 2869 prima
697 2801 886 2856 adulescentia
904 2799 979 2856 Plin.
995 2800 1041 2870 18,
1053 2806 1088 2856 31
1122 2799 1224 2855 Colum.
1239 2800 1299 2866 14,
1314 2803 1333 2854 8

262 2999 275 3046 1
295 3009 406 3048 neruum
424 3010 517 3048 senem
537 3008 649 3046 seruum
667 2991 827 3046 morbosum
845 2991 905 3045 AR
929 3008 1040 3046 seruum
1060 3009 1153 3046 senem
1173 2993 1333 3047 morbosum

168 3078 210 3132 V
289 3081 361 3135 aliut
378 3082 435 3136 ΡΑ
453 3080 531 3137 aliud
549 3081 597 3136 Ru
1126 3140 1135 3152 „

261 3173 330 3225 ΒΗ.
354 3171 408 3226 IIII
430 3152 523 3226 Prima
547 3171 738 3226 adulescentia
762 3188 859 3240 agrum
883 3187 1027 3226 conserere
1051 3171 1163 3240 oportet
1186 3171 1213 3224 A
1241 3169 1334 3223 Prima

159 3255 378 3314 adolescentia
395 3277 508 3329 ,agrum
540 3261 653 3314 consere
687 3262 787 3329 (serere
815 3260 842 3328 b)
875 3261 986 3330 oportet
1015 3258 1062 3313 Pb
1074 3259 1155 3328 Vna,
1189 3257 1333 3323 Quomodo

158 3357 287 3412 agrum
305 3349 335 3402 in
350 3347 540 3404 adulescentia
554 3363 697 3402 conserere
716 3349 825 3417 patrem
843 3347 965 3402 familias
980 3349 1107 3417 oporteat
1120 3365 1136 3401 o
1210 3355 1227 3401 4
1241 3347 1335 3402 aedifi-

157 3447 256 3488 care
275 3437 321 3491 diu
339 3437 464 3507 cogitare
481 3439 592 3508 oportet
607 3453 750 3493 conserere
765 3437 889 3506 cogitare
904 3455 960 3492 non
974 3437 1183 3506 oportetARu.
1214 3437 1262 3490 diu
1271 3439 1336 3504 post

156 3534 331 3598 ponserere
354 3528 587 3596 transponendum
610 3527 713 3581 additis
734 3526 820 3591 notis,
842 3531 874 3580 ut
892 3529 1011 3593 uidetur,
1033 3527 1200 3598 siqnirtcoou't
1221 3525 1249 3577 P

155 3611 168 3659 ‘l
204 3626 296 3670 neve
313 3616 416 3671 fundus
434 3615 532 3671 villam
550 3633 599 3672 ou.
623 3614 724 3682 VAR,
748 3616 858 3670 audiun
875 3616 1033 3671 Iucundos:
1054 3617 1089 3684 cf.
1110 3615 1211 3671 Colum.
1230 3614 1253 3667 I
1267 3619 1297 3680 4,
1316 3619 1335 3667 8

156 3692 268 3755 Ptin.
284 3709 327 3772 18,
347 3710 385 3762 32

267 3797 279 3844 7
297 3795 328 3848 n.
347 3795 375 3849 V
397 3793 504 3848 Villam
522 3794 656 3849 rusticam
674 3794 717 3848 uti
735 3794 913 3849 aedificatam
931 3794 1036 3848 habeat
1054 3794 1208 3861 APVict.,
1230 3791 1335 3847 Villam

163 3876 322 3937 metricam
341 3886 374 3938 ut
392 3883 551 3938 edificatam
570 3884 673 3940 habeas
693 3885 721 3951 b,
746 3899 830 3938 onan
904 3889 919 3936 9
939 3883 1034 3937 lubeat
1050 3885 1096 3938 Pb
1111 3883 1212 3948 iubeat
1229 3883 1277 3936 Ac
1296 3881 1335 3934 iu-

164 3954 321 4038 beantfn
396 3978 429 4027 12
449 3975 629 4043 corumpatur
647 3973 697 4039 Af
765 3973 834 4040 quot
853 3971 931 4026 annis
956 3971 1020 4025 Vbc
1039 3973 1113 4038 quod
1132 3971 1211 4024 annis
1230 3969 1256 4022 A
1262 3971 1280 4037 f

171 4051 287 4112 uenire
309 4059 386 4117 VAc
411 4061 522 4116 euenire
541 4063 557 4116 b
576 4061 670 4116 uenire
689 4065 713 4115 et
731 4063 763 4114 in
780 4077 866 4129 murq.
886 4059 936 4125 ef
1023 4064 1055 4111 13
1076 4058 1177 4126 oleam]
1198 4058 1288 4110 oleum
1308 4057 1336 4110 A

270 4151 298 4203 14
314 4150 403 4205 nichil
422 4150 449 4204 A
522 4157 555 4204 15
575 4149 646 4204 siin
665 4152 739 4204 terra
758 4181 791 4189 -
811 4150 909 4203 fietu'n
926 4163 1011 4216 ruurp
1031 4147 1059 4200 A
1130 4146 1257 4214 pubescet
1278 4145 1336 4197 ΡΑ

189 4224 333 4294 imbueret
351 4239 400 4293 aa
480 4240 599 4295 fetidum
621 4240 670 4294 Ab
694 4239 829 4294 foetidum
858 4238 901 4292 Vc
979 4243 1011 4290 16
1036 4238 1064 4290 et
1087 4237 1186 4305 quauis
1209 4251 1277 4290 corr.
1304 4251 1338 4288 ex

196 4320 294 4378 <issanis
310 4331 336 4382 A
355 4330 384 4383 et
403 4328 503 4397 quauis
522 4329 590 4382 Pbc
608 4344 623 4381 e
643 4327 742 4396 quouis
761 4328 827 4394 fne
846 4344 901 4394 qna
919 4325 962 4379 uis
981 4343 997 4380 u
1062 4332 1094 4379 19
1109 4325 1219 4393 inpares
1240 4325 1267 4378 A
1285 4323 1338 4376 im-

204 4411 278 4465 Wtr
299 4416 347 4470 VR
420 4414 535 4472 contriti
554 4416 627 4471 sient
651 4416 706 4470 VR
725 4415 839 4470 contriti
857 4415 914 4469 sint
932 4416 958 4468 A
1031 4417 1173 4468 remutare
1192 4414 1242 4467 VA
