3000 5026
480 139 612 194 RERVM
631 139 867 196 RVSTIOARVM
886 141 953 197 LIB.
973 141 998 195 ΙΙ
1020 142 1035 194 1
1271 141 1334 206 211

191 305 320 368 lactariis
340 307 453 368 medica
468 315 498 367 et
512 309 654 388 cytisum3
673 315 828 386 practerea
844 309 923 387 quod
938 317 1005 369 ante
1020 309 1215 370 admissuram
1231 310 1336 371 diebus

191 414 311 491 triginta
343 414 486 474 arietibus
519 432 553 475 ac
585 416 680 475 tauris
712 413 799 474 datur
831 413 898 493 plus
927 413 998 490 cibi,
1031 422 1065 476 ut
1093 418 1172 476 vires
1199 414 1336 497 habeant,

126 528 130 536 '
191 519 308 582 leminis
330 518 428 581 bubus
447 520 585 596 demitur,
610 521 688 599 quod
707 529 909 582 macesceutes
929 521 1035 582 melius
1055 525 1212 601 concipere
1232 522 1334 584 dicun-

190 633 246 687 tur.
291 627 421 688 secunda
451 646 521 707 pars
548 635 594 688 est
617 627 654 688 de
678 628 781 688 lotura.
828 646 907 689 nunc
931 628 1045 706 appello
1069 629 1196 689 leturam
1220 649 1236 689 a
1260 648 1328 690 con·
1342 634 1381 690 18

165 740 279 813 sceptu
306 733 343 794 ad
371 741 504 812 partum:
530 732 563 796 hi
591 736 670 794 enim
693 736 912 813 praegnationis
936 737 1024 814 primi
1048 743 1078 796 et
1102 737 1227 796 extremi
1250 736 1332 797 lines.

187 858 280 919 quare
302 842 432 918 primum
456 841 615 902 videndum
640 841 675 901 de
699 841 886 922 admissione,
911 860 969 921 quo
993 860 1128 921 quaeque
1146 851 1280 920 tempore
1299 850 1333 904 ut

182 949 288 1008 ineant
311 947 409 1008 lacere
432 955 575 1028 oporteat.
621 967 689 1009 uam
713 957 745 1008 ut
769 923 855 1009 suillo
879 953 980 1028 pecori
1004 968 1018 1009 a
1043 950 1158 1009 lavonio
1177 949 1214 1009 ad
1233 951 1332 1028 aequi-

175 1056 319 1115 noctium
342 1073 466 1115 vernum
490 1063 595 1135 putant
618 1065 728 1135 aptum,
752 1058 795 1116 sic
819 1056 904 1117 ovillo
924 1056 960 1116 ab
980 1059 1092 1117 arcturi
1111 1074 1217 1117 occasu
1237 1074 1332 1135 usque

170 1160 221 1221 ad
251 1159 367 1240 aquilae
395 1179 541 1222 occasum.
587 1170 740 1242 praeterea
764 1161 897 1222 habenda
921 1165 1010 1243 ratio,
1039 1170 1150 1241 quanto
1173 1170 1330 1241 antequam

80 1283 129 1323 10
161 1270 308 1347 incipiat
336 1269 501 1330 admissura
528 1269 595 1330 lieri
621 1288 718 1330 mares
747 1288 762 1330 a
785 1271 904 1330 feminis
928 1279 1059 1331 secretos
1082 1269 1223 1351 habeant,
1250 1269 1330 1349 quod

152 1374 246 1435 fere
279 1377 310 1434 in
345 1375 482 1436 omnibus
515 1376 594 1436 binis
627 1375 780 1436 mensibus
808 1384 875 1437 ante
905 1378 1017 1437 faciunt
1045 1386 1074 1438 et
1102 1379 1273 1437 armentarii
1300 1383 1330 1436 et

143 1481 338 1561 opiliones.
385 1468 478 1542 altera
498 1500 568 1560 pars
591 1490 649 1561 est,
673 1483 704 1541 in
727 1483 823 1542 lotura
847 1501 922 1561 quae
946 1483 1005 1542 sint
1029 1481 1223 1562 observanda,
1247 1482 1377 1561 quod19

135 1587 238 1649 alia
262 1588 320 1649 alio
344 1595 478 1666 tempore
497 1606 602 1667 parere
622 1588 705 1648 solet.
752 1607 826 1667 equa
846 1591 924 1649 enim
945 1596 1077 1650 ventrem
1097 1590 1155 1649 lert
1174 1588 1330 1649 duodecim

126 1713 315 1777 menses,
343 1714 430 1756 vacca
459 1696 575 1775 decem,
603 1697 666 1755 oris
694 1703 724 1755 et
751 1713 839 1773 capra
869 1697 989 1774 quinos,
1018 1713 1068 1755 sus
1100 1703 1249 1774 quattuor.
1299 1698 1330 1756 in

14 1818 77 1858 15
123 1806 280 1866 fetura
308 1820 359 1864 res
391 1801 575 1863 incredibilis
609 1809 654 1862 est
686 1803 716 1861 in
745 1800 898 1883 Hispania,
926 1802 978 1861 sed
1007 1811 1052 1862 est
1080 1821 1162 1882 vera,
1192 1803 1270 1882 quod
1298 1805 1328 1863 in

120 1912 335 1974 Lusitania
363 1909 397 1970 ad
427 1926 570 1970 oceanum
598 1911 628 1969 in
658 1927 691 1969 ea
720 1911 853 1989 regione,
882 1908 934 1969 ubi
965 1917 1010 1969 est
1038 1908 1178 1987 oppidum
1207 1908 1328 1989 Olisipo,

109 2027 282 2082 monte
306 2017 403 2096 Tagro
432 2016 575 2096 quaedam
605 2034 620 2075 e
648 2022 736 2076 vento
766 2017 938 2094 concipiunt
962 2023 1043 2075 certo
1068 2023 1202 2093 tempore
1226 2033 1328 2098 equae,

108 2134 215 2190 ut
241 2126 292 2187 hic
320 2124 444 2204 gallinae
469 2142 587 2202 quoque
611 2123 720 2202 solent,
748 2140 874 2201 quarum
898 2140 951 2182 ova
974 2122 1147 2201 hypenemia
1172 2121 1328 2200 appellant.

106 2233 233 2298 sed
258 2251 294 2293 ex
317 2233 365 2292 his
388 2233 473 2310 equis
493 2233 545 2309 qrri
564 2232 625 2290 nati
643 2230 726 2312 pulli,
749 2248 809 2289 nou
827 2228 894 2309 plus
914 2230 1076 2290 triennium
1096 2229 1205 2290 vivunt.
1252 2248 1327 2308 quae

10 2358 63 2395 20
102 2350 249 2405 nata
278 2348 348 2400 sunt
374 2345 489 2398 matura
518 2345 547 2397 et
575 2337 677 2416 corda,
705 2344 739 2397 ut
763 2355 837 2414 pure
861 2345 892 2396 et
913 2336 1042 2396 molliter
1065 2342 1145 2396 stent
1167 2336 1327 2397 videndum

99 2456 212 2511 et
245 2465 282 2509 ne
315 2446 498 2507 obterantur.
549 2444 689 2504 dicuntur
717 2446 785 2522 agni
808 2443 905 2523 cordi,
943 2446 992 2522 qui
1020 2449 1088 2521 post
1115 2451 1234 2521 tempus
1262 2460 1326 2503 nas·

272 2704 304 2754 15
327 2698 357 2753 in
375 2695 520 2752 Lusitania
540 2694 642 2749 Uolum.
665 2693 710 2747 VI
727 2696 778 2759 27,
798 2696 816 2746 7
834 2693 908 2747 Ptin.
928 2695 961 2757 8,
979 2697 1042 2745 166.
1134 2699 1165 2745 21
1196 2693 1326 2747 dicuntur

94 2787 249 2857 agni
267 2787 346 2843 cordi
365 2787 442 2842 Plio.
462 2793 489 2854 8,
509 2790 564 2840 187

254 3038 265 3084 1
296 3029 416 3099 cytisum
446 3027 502 3081 VB
524 3024 656 3094 cytissnm
679 3023 707 3077 A
798 3027 814 3074 3
841 3019 970 3076 foeminis
999 3020 1024 3073 V
1112 3019 1281 3088 demittitur
1296 3021 1324 3074 Β

253 3126 269 3173 4
296 3119 407 3173 foetura
432 3115 459 3169 V
543 3130 616 3167 nnnc
640 3112 786 3166 laomedon
810 3130 867 3165 nnn
885 3110 944 3162 ΡΒ
966 3126 1022 3163 non
1045 3108 1104 3163 Am
1127 3108 1234 3162 undeo

105 3196 299 3264 feturam
322 3207 350 3261 A
377 3208 493 3277 liguram
516 3221 584 3260 corr.
608 3198 728 3258 feturam
753 3203 779 3255 B
802 3201 939 3255 foeturam
965 3199 991 3251 V
1060 3205 1076 3253 6
1104 3215 1159 3266 qno
1183 3199 1322 3270 quaeque]

114 3301 290 3365 quoque
313 3298 342 3351 A
432 3301 446 3348 7
475 3295 604 3364 oporteat
621 3292 681 3347 AB
709 3291 822 3360 oportet
848 3289 875 3343 V
960 3284 1055 3359 suillo]
1078 3289 1103 3342 si
1125 3287 1184 3341 ullo
1205 3287 1233 3340 Β

116 3386 274 3441 pecori
300 3386 393 3442 A²mo
420 3400 520 3453 pecore
545 3382 634 3436 PAB
715 3378 858 3433 fanonium
886 3394 955 3434 corr.
979 3408 1013 3419 -
1036 3375 1064 3432 io
1082 3377 1110 3430 Β
1190 3380 1207 3429 8
1235 3375 1321 3429 ouillo

127 3460 318 3531 Gentesne
332 3475 400 3530 ouili
418 3473 506 3528 VAB
561 3478 594 3526 10
607 3468 735 3525 foeminis
754 3467 781 3520 V
835 3474 866 3520 11
880 3467 985 3521 fatiunt
998 3469 1024 3520 A
1077 3472 1109 3520 12
1124 3464 1261 3534 opiliones
1274 3482 1322 3520 mo

127 3552 325 3626 iniliones
339 3563 428 3619 PAB
480 3560 591 3616 foetura
610 3559 641 3626 V,
660 3559 723 3613 item
740 3560 833 3625 posteo
887 3563 921 3610 14
939 3555 1039 3625 quinos
1056 3554 1147 3609 PAB
1165 3555 1322 3624 quinquen

239 3659 268 3708 16
287 3669 437 3709 occeanum
455 3651 483 3704 B
537 3647 655 3716 olisippo
678 3664 694 3700 o
718 3644 835 3714 obsippo
857 3645 956 3699 PAB.
986 3644 1038 3697 ‘In
1056 3646 1157 3712 optimo
1174 3646 1323 3713 exemplari

139 3725 314 3813 Obsippo’
340 3741 476 3795 Victorius
530 3744 562 3792 17
582 3737 676 3792 monte
694 3738 776 3804 tagro
796 3733 884 3788 VAB
902 3749 981 3787 sacro
1000 3735 1094 3786 monte
1111 3731 1258 3788 Colmnella
1278 3734 1324 3786 VI

144 3815 266 3891 2⁷,7
291 3833 388 3885 monte
416 3827 534 3881 scabro
559 3826 712 3880 carnosus
739 3825 771 3877 a
790 3822 876 3876 sorau.
895 3838 924 3890 p.
945 3825 1000 3874 aaa
1017 3820 1076 3873 corr.
1090 3820 1173 3873 aaa
1193 3820 1244 3872 rr
1258 3826 1319 3875 113.

149 3903 255 3971 ⁰51·OE
272 3917 443 3986 Olisiponem
463 3913 596 3984 oppidum
615 3915 645 3967 et
662 3915 772 3982 Tagum
790 3927 899 3965 amnem
918 3909 1031 3962 Plc'nc'as
1054 3906 1142 3960 VIII
1158 3911 1213 3961 166
1287 3913 1319 3961 18

152 4002 238 4054 ⁰1¹a
256 4005 412 4062 ianenemia
434 4011 459 4060 et
481 4005 513 4058 in
534 4005 657 4072 marniae
680 4001 702 4056 c'
721 3996 863 4069 ὑπηνέμια
885 3999 913 4052 Ρ
932 4013 986 4052 ona
1009 3995 1073 4050 iane
1089 3995 1165 4050 nemi
1183 3995 1244 4049 AB
1267 4011 1320 4050 oua

153 4072 387 4158 hiPpeuemiao
433 4092 579 4163 appellant
591 4092 673 4146 ABo
692 4089 874 4160 appellabant
888 4089 915 4142 P
959 4093 992 4141 19
1006 4101 1077 4154 quae
1091 4086 1156 4139 sunt
1168 4086 1236 4141 nata
1250 4098 1318 4140 corr.

158 4177 251 4234 ‘luae
269 4188 335 4239 nata
354 4185 418 4238 sunt
430 4183 458 4236 Β
530 4187 564 4235 20
584 4181 667 4235 corda
681 4178 771 4234 PAB
789 4176 922 4232 chordae
993 4191 1062 4244 pure
1079 4177 1109 4230 ot
1121 4174 1245 4229 molliter
1258 4175 1319 4228 AB

160 4264 248 4318 Pure
267 4273 389 4328 molliter
410 4272 437 4326 V
491 4277 524 4326 21
544 4270 621 4325 cordi
633 4270 730 4339 priore
748 4271 804 4323 loco
824 4265 915 4320 PAR
934 4262 1065 4319 chordio
1123 4265 1273 4319 nascantur
1291 4265 1319 4318 A
