3000 5026
494 255 623 311 RERVM
641 255 875 311 Rvsutcenvnt
894 257 961 312 LIB.
981 259 1006 312 ll
1028 255 1065 310 11
1308 260 1374 325 263

233 422 263 484 ad
287 440 377 483 usum
399 423 550 483 nauticum
576 431 605 483 et
626 422 661 482 ad
681 421 786 482 bellica
805 431 952 484 tormenta
972 433 1001 486 et
1021 426 1133 486 fabrilia
1153 446 1229 487 rasa.
1277 445 1373 507 neque

232 549 287 590 nou
313 529 455 608 quaedam
480 531 613 590 nationes
636 530 740 591 harum
765 529 893 609 pellibus
917 541 986 592 sunt
1008 535 1141 616 vestitae,
1164 541 1198 594 nt
1218 537 1247 594 in
1268 534 1373 595 Gaetu-

232 637 267 698 lia
299 645 330 698 et
361 638 391 696 in
420 635 564 697 Sardinia.
614 639 700 698 cuius
733 655 820 697 usum
852 646 924 717 aput
957 641 1069 699 anticos
1099 659 1216 720 quoque
1245 641 1373 702 Graecos

232 745 321 806 luisse
349 752 483 824 apparet,
512 743 590 822 quod
620 746 650 804 in
679 744 838 822 tragoediis
867 763 953 805 senes
982 745 1018 805 ab
1046 746 1101 807 hac
1130 748 1205 826 pelle
1230 757 1373 809 vocantur

150 877 185 921 5
229 850 428 932 diphtheriae‚
456 858 486 912 et
513 853 543 910 in
572 851 732 911 comoediis
761 854 812 930 qni
838 854 868 913 in
893 855 1005 914 rustico
1030 871 1119 932 opere
1144 864 1311 934 morantur,
1341 863 1373 915 ut

223 966 300 1038 aput
319 957 479 1019 Caecilium
498 959 528 1017 in
548 957 778 1037 Hypobolimaeo
797 959 886 1019 habet
905 960 1087 1043 adulescens,
1111 970 1182 1039 aput
1200 962 1374 1021 Terentium

218 1069 259 1128 iu
278 1065 611 1126 Heautontimorumeno
631 1083 730 1126 senex.
776 1066 946 1148 tondentur,
966 1068 1043 1145 quod
1064 1070 1177 1147 magnis
1197 1069 1271 1130 villis
1291 1078 1369 1150 sunt,
1381 1071 1420 1126 12

218 1175 261 1234 in
292 1190 397 1252 magua
428 1179 512 1250 parte
540 1171 698 1254 Phrygiae3
730 1174 808 1234 unde
842 1174 936 1234 cilicia
970 1181 999 1234 et
1031 1183 1129 1234 cetera
1163 1177 1228 1236 eius
1256 1179 1374 1254 generis

212 1279 326 1341 solent
349 1280 422 1340 fieri.
469 1279 519 1339 sed
545 1279 624 1358 quod
648 1283 777 1359 primum
801 1300 834 1341 ea
859 1289 979 1342 tonsura
1000 1285 1030 1341 in
1050 1281 1150 1342 Cilicia
1171 1286 1210 1343 sit
1227 1285 1374 1364 instituta,

132 1419 167 1456 ro
210 1405 338 1450 nomen
362 1387 390 1447 id
416 1387 522 1447 Cilicas
545 1386 688 1449 adiecisse
712 1388 823 1449 dicunt.

318 1494 365 1554 llli
383 1494 448 1574 hoc,
467 1513 563 1572 neque
582 1493 618 1554 ab
637 1495 693 1554 hoe
708 1495 786 1573 quod
802 1504 930 1557 mutaret
945 1497 1104 1557 Cossinius.
1138 1506 1167 1557 et
1182 1497 1270 1558 simul
1284 1496 1374 1558 Vituli

204 1602 355 1665 libertus
383 1603 413 1662 in
442 1602 546 1662 urbem
574 1603 695 1661 veniens
724 1620 758 1661 ex
787 1600 883 1663 hortis
911 1603 1075 1664 devertitur
1102 1603 1137 1664 ad
1163 1623 1217 1664 nos
1241 1614 1284 1684 et,
1312 1605 1373 1683 Ego

197 1709 270 1773 ad
300 1717 329 1770 te
361 1711 483 1789 missus,
517 1710 626 1789 inquit,
659 1709 736 1769 ibam
773 1710 892 1770 domum
925 1719 1058 1790 rogatum
1093 1730 1129 1771 ne
1158 1712 1235 1772 diem
1264 1713 1372 1772 festum

194 1819 344 1880 faceres
371 1816 537 1877 breviorem
567 1825 597 1877 et
625 1825 739 1877 mature
764 1820 889 1878 venires.
935 1816 1037 1897 ltaque
1061 1818 1242 1879 discedimus
1267 1837 1320 1897 ego
1345 1830 1375 1878 et

133 1946 156 1986 15
191 1924 335 1984 Serota
366 1925 398 1983 in
431 1923 533 1984 hortos
566 1899 610 1985 ad¹
634 1924 777 2004 vitulum,
809 1924 900 2003 Niger
933 1925 990 2003 [in]
1024 1926 1151 1986 Turrani
1184 1934 1299 2006 noster,
1332 1925 1374 1985 illi

185 2032 337 2112 partim
362 2030 496 2113 domum,
519 2034 626 2110 partim
651 2032 684 2092 ad
709 2031 863 2093 Menatem.

303 2227 318 2276 a
341 2222 391 2276 sed
414 2222 489 2290 quod
511 2221 632 2291 primum
656 2239 689 2276 ea
706 2224 822 2276 tonsura
843 2222 967 2293 Ptilurg.
986 2223 1018 2277 in
1041 2222 1119 2292 Verg.
1138 2221 1374 2293 9e0r9.111313

335 2400 621 2454 thammuhorum
644 2401 734 2456 PAB
835 2400 1273 2472 3aputPapudBo,ontA

183 2487 339 2543 anticos
349 2490 381 2544 A
399 2489 529 2558 antiquos
548 2489 604 2543 VB
675 2507 810 2561 gregocos
831 2495 910 2561 (corr.
925 2493 1033 2562 grecos)
1047 2490 1119 2545 fnisc
1134 2491 1161 2544 A
1233 2489 1374 2556 4tragoe-

185 2570 291 2630 diis
310 2579 336 2631 V
350 2577 488 2648 tragediis
507 2579 534 2632 A
552 2579 689 2653 tragediis
709 2581 736 2634 Β
808 2586 823 2633 5
847 2580 1024 2650 diphtheriae
1048 2580 1075 2633 V
1090 2577 1230 2649 diptherie
1248 2578 1275 2631 A
1295 2577 1375 2647 diph-

187 2657 362 2722 tenuere
434 2667 587 2723 comoediis
605 2668 632 2721 V
647 2668 820 2722 comediisA
840 2668 1015 2740 comediisB
1087 2669 1192 2736 eaput
1207 2665 1332 2720 cecilium
1348 2665 1376 2719 A

191 2757 307 2820 apud
315 2754 443 2812 cecilium
458 2756 565 2825 Vapud
575 2754 719 2810 caecilium
740 2756 768 2809 Β
821 2753 1037 2822 hypobolimaeo
1053 2754 1268 2822 Vhypobolima
1284 2757 1288 2820 Ι
1305 2771 1337 2807 eo
1348 2753 1376 2807 A

193 2831 405 2912 binotouma
423 2861 456 2900 eo
470 2845 498 2898 B
570 2844 732 2898 adulescens
749 2843 806 2895 PA
825 2842 988 2896 adulescens
1008 2859 1075 2896 corr.
1092 2843 1253 2897 adolescens
1267 2843 1294 2894 Β
1308 2843 1374 2894 ado·

196 2918 374 2991 lescansn
464 2938 534 3005 aput
551 2932 701 2987 terentium
720 2932 747 2984 A
766 2930 841 3000 apud
859 2930 1009 2984 terentium
1034 2931 1090 3007 VB
1182 2928 1375 2986 'theautonti-

200 3025 393 3080 tnorumeno
413 3026 471 3080 PB
494 3042 528 3080 ea
551 3024 658 3078 utnon
676 3020 861 3075 timorumeno
880 3020 907 3073 A
927 3023 1031 3075 eauton
1048 3021 1269 3074 timorumendu

1044 3123 1056 3151 r

205 3150 382 3222 mudantur
395 3184 411 3220 o
426 3168 558 3222 tondetur
572 3164 661 3221 PAR
734 3167 798 3219 sunt
812 3181 862 3218 oni.
878 3165 904 3217 A
977 3163 1114 3234 Sphygie
1129 3162 1157 3216 A
1225 3163 1336 3216 caetera
1353 3162 1379 3214 V

305 3263 319 3310 9
342 3274 430 3325 qnoq;
453 3255 575 3326 primum
598 3271 665 3310 corr.
690 3253 765 3321 quod
788 3252 910 3323 primum
929 3254 957 3307 A
1030 3259 1062 3306 10
1084 3265 1186 3305 nomen
1208 3252 1375 3320 superscrip-

209 3330 293 3397 tum
307 3347 337 3399 in
355 3346 382 3398 A
455 3338 590 3398 adiecisse
609 3343 636 3396 Β

307 3436 336 3486 11
365 3432 507 3487 Cossinius
536 3435 564 3487 et
591 3431 675 3487 simul
702 3432 729 3485 V
754 3431 875 3486 cosinius
899 3433 928 3484 et
952 3428 1033 3481 simul
1057 3427 1084 3480 Β
1109 3444 1161 3481 eon
1177 3432 1181 3496 1
1198 3427 1284 3483 sinius
1307 3445 1375 3483 corr.

216 3520 289 3574 0011
306 3523 386 3578 simul
406 3523 432 3575 A
525 3528 556 3575 12
577 3538 610 3575 ex
628 3522 717 3576 hortis
735 3538 782 3575 mu
802 3537 835 3573 ex
853 3518 940 3572 hantis
961 3517 1053 3571 PAB
1142 3519 1298 3571 deuertitur
1319 3517 1376 3570 PB

218 3591 381 3666 dissentitur
400 3612 478 3665 Anco
571 3616 603 3665 13
630 3610 722 3679 iuquit
744 3609 798 3663 VB
821 3607 918 3676 inquid
937 3607 965 3662 A
1056 3612 1089 3660 15
1111 3604 1142 3658 in
1165 3609 1242 3662 ortos
1260 3608 1287 3660 A

221 3678 293 3750 ‘Ad
314 3699 448 3757 Vitulum.
486 3701 573 3768 Niger
600 3698 630 3751 in
652 3698 782 3753 Turranii
805 3695 962 3750 nonnulli
987 3697 1103 3766 partim,
1127 3701 1181 3752 etc.
1222 3698 1263 3750 In
1289 3703 1377 3752 uetus·

223 3774 345 3843 testans
358 3790 440 3843 nean
455 3789 592 3843 contusus
607 3789 680 3866 sons
693 3789 874 3857 caraunus:
888 3792 994 3841 securus
1008 3789 1243 3842 uenustissimus
1252 3790 1377 3857 uastique,

226 3859 280 3924 ῑῗὰ
296 3879 447 3933 caradocci:
466 3894 513 3932 nee
531 3881 621 3931 tumen
638 3877 744 3943 risurum
764 3877 974 3930 emendationem
992 3876 1064 3929 tone
1077 3880 1155 3943 puto.
1171 3906 1204 3914 —
1224 3878 1377 3943 Antiquom

230 3945 283 4015 Nic
299 3969 461 4036 scripturum
477 3983 588 4035 ponorn
606 3983 688 4035 quam
706 3967 824 4019 studiosi
842 3970 968 4019 accurate
979 3965 1147 4033 pependerit
1162 3980 1168 4010 ι
1182 3964 1227 4015 Ad
1243 3963 1375 4016 vitulum.

234 4034 323 4121 Nigar
340 4057 368 4109 in
387 4055 507 4108 Turrani
524 4056 554 4108 in
573 4058 641 4122 oste,
664 4055 716 4120 illi,
737 4054 800 4107 etc’
839 4053 975 4108 Victorius
1047 4052 1134 4119 Niger
1147 4049 1264 4104 Turrani
1283 4053 1377 4104 noster

242 4127 357 4200 Ursinus
375 4146 454 4214 niger
472 4145 502 4198 in
517 4143 637 4197 Turrani
654 4143 684 4197 in
703 4147 762 4198 oste
782 4144 804 4196 c'
824 4144 914 4196 nostri
930 4142 958 4194 P
972 4139 1052 4209 niger
1066 4138 1096 4191 in
1110 4142 1174 4193 tura
1188 4139 1218 4192 ni
1231 4138 1261 4192 in
1275 4140 1335 4193 oste
1350 4137 1378 4192 A

241 4219 319 4295 niger
336 4235 364 4286 in
382 4233 489 4287 turraui
509 4232 599 4286 inuste
619 4232 646 4285 Β
665 4232 783 4301 Nigrum
802 4229 988 4285 Turrannium
1006 4227 1070 4283 Mox
1090 4246 1105 4282 e
1177 4227 1233 4299 illi]
1253 4226 1302 4281 alii
1327 4227 1378 4282 Ur·

246 4310 319 4373 tinus
385 4329 417 4376 16
438 4323 522 4376 domu
540 4321 568 4375 A
639 4320 797 4376 Maenatem
822 4321 938 4375 Ursinus
956 4319 1077 4373 lenatem
1103 4317 1192 4371 VAB
