3000 5026
202 335 256 388 XII
677 334 880 390 PRAEFATIO

204 521 306 581 pressa
331 512 471 562 servaret.
518 513 606 581 atque
631 506 718 562 etiarn
744 522 818 580 quae
846 506 876 563 in
901 504 1060 582 archetypo
1089 511 1223 562 correota
1247 502 1293 562 vel
1316 506 1346 562 in

204 610 386 690 marginibus
414 610 562 689 adscripta
592 620 679 670 erant
702 629 761 670 non
785 610 874 670 nullis
898 611 971 670 locis
994 618 1131 670 accurate
1155 612 1280 688 repetita
1304 613 1347 670 in-

203 719 363 778 veniuntur
394 719 424 776 iu
452 717 595 777 Parisino.
646 736 680 776 ex
714 735 773 794 quo
806 736 915 796 genere
948 725 1018 778 sunt
1050 735 1084 776 ea
1118 735 1193 795 quae
1227 718 1256 776 iu
1285 716 1346 776 Cat.

204 844 229 885 c.
252 821 296 884 95
324 832 354 884 et
380 821 442 884 112
471 833 501 883 et
529 825 560 883 in
585 823 665 885 Varr.
690 821 705 883 Ι
729 822 759 905 2,
782 821 804 884 5
827 824 970 885 adnotavi.
1015 832 1169 903 praeterea
1193 826 1223 883 in
1247 823 1347 883 ortho-

205 931 326 1010 graphia
366 930 576 991 vocahulorum
609 933 759 1009 antiquam
793 933 937 992 rationem
970 931 1085 991 fidelius
1118 949 1205 1009 quam
1238 929 1347 1009 reliqui

202 1040 337 1098 servavit.
389 1047 492 1098 contra
520 1037 671 1098 llediceus
704 1037 797 1099 codex
829 1040 909 1098 omni
937 1057 1046 1114 genere
1076 1039 1214 1097 vitiorum
1243 1037 1347 1116 depra-

200 1152 285 1204 vatus
314 1151 369 1205 est.
414 1162 482 1203 uam
510 1162 569 1203 non
600 1144 695 1205 solum
720 1145 904 1224 neglegentia
928 1147 993 1205 eius
1017 1147 1068 1224 qui
1092 1143 1201 1204 librum
1225 1147 1348 1224 scripsit

199 1251 327 1330 plurima
350 1252 381 1310 in
405 1269 440 1311 eo
464 1254 594 1329 graviter
618 1260 758 1331 corrupta
782 1259 866 1332 sunt,
890 1251 940 1311 sed
966 1254 1060 1312 etiam·
1078 1253 1234 1312 manifesta
1257 1251 1347 1311 habet

200 1357 438 1436 interpolationis
458 1357 591 1436 exempla
611 1377 646 1417 ex
666 1359 834 1437 antiquiore
848 1357 934 1432 libro,
953 1367 1108 1436 postquam
1125 1360 1151 1417 is
1166 1359 1347 1418 correctoris

200 1465 331 1525 studium
355 1472 496 1543 expertus
520 1474 597 1546 erat,
620 1474 749 1544 recepta.

289 1571 430 1631 Eiusdem
459 1574 577 1650 generis
604 1572 736 1633 codicem
761 1571 816 1632 sub
842 1574 959 1632 initium
984 1574 1083 1651 quarti
1106 1571 1213 1632 decimi
1236 1572 1347 1632 saecoli

199 1677 303 1737 hahuit
334 1677 442 1737 Petrus
475 1677 665 1739 crescentius
699 1678 904 1739 Bononiensis.
954 1682 980 1738 is
1013 1681 1091 1738 enim
1124 1682 1154 1738 in
1188 1679 1345 1739 duodecim

199 1783 282 1844 libris
306 1784 342 1844 de
366 1784 560 1863 agricultura,
588 1788 639 1864 qui
662 1788 767 1864 primis
790 1786 870 1847 illius
893 1785 1004 1847 saeculi
1027 1788 1112 1846 anuis
1136 1788 1241 1865 scripti
1265 1796 1345 1866 sunt,

199 1910 287 1971 saepe
317 1899 452 1951 veterum
484 1894 664 1970 scriptorum
697 1893 733 1953 de
766 1912 798 1953 re
826 1894 937 1954 rustica
965 1901 1122 1972 praecepta
1151 1893 1287 1953 adhibuit
1314 1902 1345 1953 et

200 2019 235 2060 er
259 1999 379 2059 Catonis
408 2006 439 2059 ct
462 1999 602 2059 Varronis
630 1999 714 2060 libris
743 2000 835 2060 multa
864 2000 970 2060 additis
994 2007 1150 2062 auctorum
1173 1999 1345 2060 nominibus

198 2107 364 2185 adscripsit.
411 2105 462 2166 sed
491 2107 521 2164 in
550 2106 597 2165 his
625 2106 763 2167 omuibus
792 2107 865 2167 nihil
893 2109 1007 2189 inveni,
1035 2107 1114 2186 quod
1138 2107 1173 2167 ad
1197 2107 1344 2169 diversam

198 2233 213 2273 a
236 2223 408 2273 nostrorum
432 2210 577 2272 librorum
601 2216 693 2291 stirpe
717 2216 862 2292 originem
882 2214 1073 2275 referendum
1093 2221 1181 2294 esset,
1200 2213 1246 2273 vel
1264 2213 1343 2292 quod

199 2320 320 2380 meliore
349 2319 567 2388 codiceyusum
596 2338 662 2381 esse
685 2320 905 2396 Crescentium,
933 2340 1022 2400 quam
1050 2339 1125 2401 quos
1152 2341 1233 2382 nunc
1256 2321 1344 2382 habe·

197 2446 275 2509 mus,
302 2426 481 2487 ostenderet.

287 2534 331 2593 Ex
363 2535 400 2593 iis
433 2532 517 2594 libris
549 2536 601 2613 qui
633 2537 737 2614 quinto
770 2536 884 2596 decimo
917 2536 1035 2597 saeculo
1069 2539 1099 2596 in
1127 2535 1209 2596 ltalia
1238 2539 1343 2616 scripti

198 2649 269 2703 sunt
295 2642 382 2720 pauci
410 2648 487 2720 tum,
516 2659 583 2700 cunr
607 2640 774 2703 Marcianus
797 2642 890 2703 codex
914 2645 957 2703 sic
981 2651 1013 2704 ut
1036 2643 1199 2703 Politianus
1223 2650 1252 2703 et
1276 2642 1341 2703 Vic-

198 2751 294 2808 torius
318 2766 387 2808 eum
410 2747 581 2808 habuerunt
604 2756 736 2809 extrema
759 2757 844 2828 parte
867 2750 1041 2810 decurtatus
1065 2758 1141 2830 erat,
1170 2768 1205 2810 ex
1229 2768 1265 2809 eo
1289 2750 1339 2810 de·

167 2940 169 2944 ¹
198 2857 303 2934 scripti
331 2863 414 2936 sunt,
442 2857 495 2935 qui
522 2857 587 2935 ipso
615 2856 733 2917 delectu
762 2858 907 2935 originem
932 2876 1015 2918 suam
1038 2857 1176 2936 produnt.
1222 2856 1343 2935 plurimi

185 2973 310 3053 autem,
339 2965 391 3042 qui
414 2964 535 3023 tertium
559 2962 700 3024 Varronis
723 2964 832 3026 librum
854 2966 1005 3043 integrum
1028 2964 1151 3043 habent,
1179 2983 1214 3024 ex
1238 2964 1343 3025 eodem

186 3068 371 3152 archetypo,
400 3079 559 3150 antequam
588 3070 668 3130 illam
690 3073 835 3131 iacturam
858 3072 964 3153 ferret,
992 3072 1174 3131 ductisunt.
1221 3090 1288 3131 nam
1312 3072 1344 3131 hi

196 3195 315 3256 quoque
340 3186 370 3236 et
392 3180 471 3237 inter
495 3195 526 3237 se
551 3185 580 3237 et
605 3194 672 3236 cum
697 3176 821 3254 reliquis
845 3179 885 3237 ita
908 3179 1112 3257 consentiunt,
1141 3187 1174 3237 ut
1197 3170 1231 3237 ad
1257 3177 1343 3238 aliam

197 3278 322 3361 stirpem
349 3284 458 3343 relerri
487 3289 645 3360 nequeant.
691 3281 742 3341 sed
773 3300 889 3363 eorum
905 3285 1037 3343 omnium
1061 3285 1282 3344 accuratissime
1306 3304 1342 3345 ex

196 3366 344 3449 Marciano
381 3389 483 3450 codice
521 3388 690 3466 descriptus
727 3397 773 3449 est
805 3389 897 3450 codex
930 3389 1201 3451 Laurentianus
1232 3387 1288 3470 51,
1321 3389 1344 3452 4

197 3495 379 3556 chartaceus.
425 3497 457 3555 in
485 3514 521 3556 eo
544 3493 685 3554 Varronis
714 3495 781 3556 libri
811 3506 872 3557 tres
900 3516 968 3558 curn
997 3496 1134 3575 capitulis
1162 3496 1230 3557 libri
1252 3499 1344 3577 primi

197 3604 301 3685 scripti
328 3608 399 3662 sunt
428 3603 535 3662 omissa
565 3609 696 3663 extrema
723 3611 809 3682 parte
837 3603 906 3664 libri
935 3606 1027 3686 tertii,
1062 3605 1209 3666 Varronis
1236 3625 1343 3667 rerum

196 3710 384 3793 rusticiqum
416 3711 454 3770 de
482 3711 677 3784 agricultura
705 3713 783 3771 liber
806 3715 926 3788 primus
954 3715 1061 3788 incepit
1084 3711 1228 3786 feliciter.
1283 3717 1347 3786 Qui

194 3819 306 3890 praeci
320 3816 367 3876 Cet
394 3819 485 3877 latini
515 3819 553 3878 de
581 3821 777 3894 agricultura
805 3823 986 3896 scripserint
1014 3853 1047 3862 —
1074 3823 1118 3881 od
1139 3824 1342 3883 rendendum.

204 3924 288 3983 Otius
318 3941 419 4004 ,essem
452 3933 632 3986 consecutus
665 3959 706 3968 -
740 3930 783 3987 od
814 3930 981 3988 tubicinum
1010 3946 1166 4004 praecum.
1222 3937 1343 4007 praeter

195 4030 344 4093 delectum
372 4032 454 4093 tertii
483 4031 551 4092 libri
581 4031 636 4092 sub
667 4033 754 4093 linem
783 4033 917 4094 eiusdem
944 4032 1013 4093 libri
1041 4034 1108 4094 inde
1133 4054 1148 4094 a
1172 4054 1197 4095 e.
1223 4033 1273 4116 16,
1296 4034 1340 4098 21

196 4140 313 4217 saepius
341 4138 456 4217 singula
484 4139 587 4218 verba,
618 4158 692 4219 quae
720 4141 750 4199 in
781 4140 941 4220 archetypo
964 4139 1078 4200 lacunis
1102 4140 1342 4204 membranarum

195 4245 346 4322 perierant
368 4243 415 4303 vel
437 4243 496 4322 legi
520 4264 579 4305 non
603 4254 749 4326 poterant,
773 4250 882 4308 omissa
906 4255 985 4328 sunt,
1008 4247 1060 4308 ubi
1083 4247 1221 4309 librarius
1244 4253 1342 4328 spatio

195 4350 364 4409 intermisso
387 4349 508 4410 lacunas
530 4351 678 4415 indicavit.

282 4455 314 4515 lu
347 4456 471 4535 reliquis
504 4456 589 4517 libris
622 4479 682 4522 non
709 4463 809 4522 inveni
837 4461 1004 4542 apographa
1031 4463 1096 4541 pari
1123 4460 1273 4540 diligentia
1303 4484 1341 4526 ex
