3000 5026
344 345 474 400 RERVM
493 345 729 404 RVSTlCARVM
747 346 815 401 LIB.
835 346 875 400 Ill
896 339 1016 398 11-12
1196 346 1261 410 299
1309 378 1310 381 “

116 511 237 573 Fulvius
264 511 409 591 Lippinus
442 513 553 573 dicitur
586 512 696 573 babere
729 514 760 571 in
789 512 998 592 Tarquiniensi
1031 521 1132 592 saepta
1159 514 1262 590 iugera

117 619 323 699 quadraginta,
350 621 381 678 in
409 637 468 697 quo
498 626 568 679 sunt
595 618 709 679 inclusa
737 636 797 678 non
826 619 920 680 solum
949 638 982 680 ea
1007 638 1081 699 quae
1105 619 1180 700 dixi,
1209 619 1260 679 sed

117 727 202 786 etiam
231 743 301 786 oves
324 726 417 806 serae,
446 728 534 786 etiam
558 725 614 786 boc
637 727 732 786 maius
756 725 804 786 bic
828 729 860 786 in
884 726 1065 786 Statoniensi
1088 736 1118 786 et
1142 726 1261 806 quidam

117 835 145 892 in
177 831 253 893 locis
281 830 363 920 aliisq
391 834 422 892 in
450 831 541 893 Gallia
569 851 639 892 vero
667 833 848 911 transalpina
876 832 908 892 T.
954 832 1112 912 Pompeius
1141 839 1285 894 tantnn12

96 948 249 1018 asaeptum
278 940 457 1020 venationis,
485 946 519 999 ut
549 941 669 999 circiter
693 957 733 998 00
756 957 795 998 oo
819 958 859 998 00
882 957 922 997 00
949 958 1068 1020 passum
1096 938 1193 1000 locum
1216 942 1259 998 in-

118 1047 229 1107 clusum
254 1044 369 1107 babeat.
401 1053 555 1124 praeterea
579 1049 609 1105 in
633 1047 737 1107 eodem
761 1057 920 1126 consaepto
944 1047 1007 1107 sero
1030 1046 1140 1107 habere
1164 1046 1260 1106 solent

120 1153 165 1231 [de
192 1152 382 1230 animalibus]
416 1154 554 1214 cocliaria
587 1162 676 1233 atque
709 1153 816 1214 alvaria
850 1162 938 1234 atque
967 1156 1056 1214 etiam
1085 1154 1176 1235 dolia,
1208 1153 1260 1215 ubi

96 1260 241 1321 babeant
274 1260 430 1321 conclusos
458 1260 555 1339 glires.
607 1260 659 1320 sed
688 1259 796 1320 borum
824 1263 955 1321 omnium
985 1258 1131 1343 custodia,
1163 1263 1259 1322 incre-

118 1375 247 1428 mentum
280 1375 310 1428 et
342 1368 436 1447 pastio
470 1376 584 1448 aperta,
617 1376 824 1447 praeterquam
853 1368 890 1428 de
912 1365 1032 1447 'apibus
1082 1370 1149 1448 quis
1176 1371 1285 1431 enirn3

64 1487 108 1528 10
119 1474 231 1551 ignorat
259 1484 359 1552 saepta
382 1493 399 1534 e
422 1476 559 1535 maceriis
583 1476 623 1534 ita
647 1493 712 1534 esse
737 1484 875 1554 oportere
899 1478 929 1535 in
952 1476 1114 1557 leporario,
1143 1485 1177 1538 ut
1199 1485 1260 1542 tec·

119 1581 189 1640 torio
213 1588 292 1641 tacta
316 1583 376 1641 sint
400 1589 430 1642 et
453 1584 513 1642 sint
536 1579 615 1642 alta?
652 1581 777 1642 alterum
801 1601 839 1642 ne
863 1582 946 1643 laelis
969 1591 1020 1643 aut
1043 1566 1145 1644 maelis
1169 1575 1261 1644 aliave

118 1706 188 1766 qnae
217 1688 313 1749 bestia
341 1691 465 1749 introire
493 1691 600 1770 possit,
628 1689 755 1750 alterum
784 1708 820 1750 ne
849 1690 937 1769 lupus
964 1691 1128 1772 transilire3
1159 1691 1260 1770 ibique

117 1812 179 1855 esse
207 1795 352 1876 latebras,
380 1795 432 1856 ubi
456 1795 573 1873 lepores
596 1796 744 1857 interdius
768 1795 936 1856 delitiscunt
959 1798 989 1857 in
1014 1797 1149 1876 virgultis
1172 1804 1261 1876 atque

112 1899 228 1983 herbis,
259 1910 289 1963 et
312 1902 433 1962 arbores
457 1901 566 1980 patulis
589 1906 687 1983 ramis,
712 1921 786 1982 quae
810 1902 925 1982 aquilae
948 1904 1102 1982 inpediant
1126 1912 1259 1965 conatus.

76 2017 98 2055 ¹⁵
111 2011 180 2086 quis
199 2009 272 2068 item
292 2011 396 2089 nescit,
415 2025 525 2088 paucos
544 2010 570 2069 si
589 2009 714 2092 lepores,
732 2027 829 2069 mares
849 2017 883 2069 ut
900 2009 1033 2084 feminas,
1052 2011 1287 2091 intromiseritt

104 2113 197 2174 brevi
224 2122 359 2195 tempore
388 2115 451 2175 iore
476 2123 510 2176 ut
533 2113 704 2195 inpleatur?
737 2122 817 2176 tanta
841 2116 1006 2177 fecunditas
1030 2116 1119 2177 buius
1143 2117 1277 2196 quadri-⁴

99 2223 207 2300 pedis.
250 2230 390 2302 quattuor
414 2222 501 2282 modo
525 2224 604 2282 enim
628 2224 789 2284 intromisit
812 2225 843 2283 in
867 2223 1055 2303 leporarium,
1079 2222 1163 2283 brevi
1186 2223 1261 2284 solet

94 2328 232 2408 repleri.
285 2331 395 2390 etenim
428 2348 529 2409 saepe,
562 2349 630 2390 cum
666 2329 776 2390 habent
811 2329 923 2391 catulos
952 2338 1101 2410 recentes,
1129 2330 1201 2390 alios
1230 2332 1261 2391 in

89 2442 216 2495 ventre
245 2434 354 2496 habere
383 2439 583 2516 reperiuntur.
629 2439 729 2515 itaque
759 2436 855 2496 de‘iis
879 2436 1041 2518 Archelaus
1065 2437 1184 2519 scribit,
1212 2456 1261 2510 an·

48 2540 73 2583 ²⁰
86 2558 223 2637 norunt
243 2553 317 2626 qu-ot
335 2545 375 2625 sit
394 2544 445 2622 qpi
463 2543 534 2634 111111
549 2545 635 2634 stipe,
654 2545 803 2635 inspicere
818 2552 956 2629 oportere
971 2544 1114 2639 foramina
1130 2551 1261 2640 naturae,

172 2757 185 2804 1
204 2735 331 2820 Fulvius]
347 2747 448 2803 fluuius
462 2750 521 2804 Aru
575 2748 700 2819 lippinus
717 2749 809 2803 PAB
822 2749 934 2818 lupinus
948 2769 995 2807 mu
1049 2750 1221 2821 tarquinensi
1236 2754 1264 2807 B

162 2840 242 2908 septa
258 2835 287 2892 V
330 2839 436 2909 nsunt]
452 2837 508 2891 sint
522 2839 581 2892 Bau
626 2836 736 2890 inclusa
750 2837 897 2893 Iracundus
910 2838 1034 2894 inclusae
1049 2841 1106 2894 VB
1119 2840 1264 2896 incluseA

181 2963 261 3017 aare
280 2962 311 3016 in
329 2961 496 3018 stanneus
520 2962 546 3015 V
562 2962 608 3016 an
627 2962 656 3015 rn
675 2927 879 3017 antodenus
897 2961 927 3014 in
945 2961 1109 3016 ausoniensi
1128 2962 1174 3016 hic
1193 2980 1261 3018 corr.

66 3043 165 3104 hie
182 3053 211 3107 in
225 3051 392 3107 statoniensi
405 3053 433 3106 B
448 3051 478 3104 in
491 3051 664 3106 straconensi
677 3069 704 3105 nr
758 3057 775 3103 4
792 3049 928 3120 ponpeius
943 3049 971 3102 A
1024 3054 1040 3104 5
1060 3052 1170 3119 septum
1187 3051 1214 3104 V

66 3146 150 3190 00
173 3157 211 3197 00
226 3157 266 3197 00
281 3156 320 3197 00
338 3157 451 3211 passum
476 3140 504 3193 P
525 3155 565 3196 00
581 3155 619 3195 00
638 3138 690 3192 XX
712 3139 817 3209 passim
840 3141 867 3193 A
885 3138 989 3192 XXXX
1011 3156 1121 3208 passum
1139 3140 1167 3194 B
1186 3140 1264 3195 XXX

66 3238 248 3289 passuum
267 3247 294 3284 nr
311 3229 414 3283 XXXX
433 3228 512 3283 milia
530 3246 663 3298 passuum
681 3246 697 3283 n
770 3236 785 3283 6
807 3229 940 3298 consepto
965 3227 991 3280 V
1059 3229 1117 3283 fere
1136 3246 1185 3284 om.
1206 3231 1263 3285 An

178 3325 192 3374 'l
211 3320 245 3374 de
266 3318 433 3374 animalibus
452 3319 565 3374 inclusit
584 3318 719 3372 Gesnerus
737 3323 846 3372 auctore
869 3317 969 3371 Ursino
1028 3317 1160 3372 cocliaria
1178 3323 1264 3388 atque

68 3396 224 3464 alnaria
242 3409 301 3462 PB
324 3406 457 3462 cocliaria
479 3408 570 3476 adque
595 3407 703 3462 alnaria
722 3408 749 3459 A
773 3405 913 3461 coclearia
931 3409 1015 3474 atque
1034 3407 1192 3464 alueariau

70 3489 89 3537 8
131 3492 263 3568 horum]
284 3513 363 3551 orum
378 3497 406 3551 A
451 3503 466 3550 9
487 3497 534 3567 de]
551 3496 587 3550 dn
601 3513 669 3551 corr.
686 3496 720 3550 de
734 3495 762 3548 A
809 3501 841 3549 10
861 3495 941 3565 septa
960 3495 987 3548 V
1031 3501 1062 3549 11
1082 3499 1160 3551 tacta
1173 3498 1263 3553 PAR

70 3577 194 3642 t(³³(2ta
217 3604 263 3641 rna
337 3586 409 3657 altu]
434 3585 512 3651 alata
527 3585 562 3650 'A
634 3584 697 3658 fqlis
722 3587 770 3638 aut
793 3584 874 3658 mplis
898 3586 956 3639 PB
980 3583 1044 3638 felis
1068 3588 1116 3639 aut
1138 3586 1218 3640 melis
1236 3586 1264 3640 A

72 3661 188 3730 feles
202 3679 251 3731 aut
264 3675 381 3731 melesu
437 3681 470 3728 13
489 3674 625 3745 interdius
643 3675 670 3728 A
684 3673 806 3729 interdiu
825 3674 880 3729 VB
934 3673 1096 3729 delitiscunt
1111 3674 1264 3730 Pdelitos-

74 3766 185 3818 cant
198 3766 279 3819 ABo
336 3769 369 3818 14
387 3763 533 3832 inpediant
550 3765 579 3819 A
596 3764 752 3834 impediant
771 3763 827 3817 VB
883 3770 914 3817 15
934 3764 1003 3818 item
1016 3763 1076 3817 AB
1095 3765 1168 3819 enim
1188 3764 1216 3818 V

75 3855 209 3908 mares
231 3855 264 3907 ut
286 3852 404 3909 feminus
424 3853 483 3906 AB
506 3870 596 3908 mares
620 3856 651 3908 ut
674 3852 810 3907 foeminas
829 3852 858 3905 P
874 3869 965 3907 mares
984 3855 1034 3908 aut
1053 3853 1189 3908 foeminas
1207 3870 1264 3908 mu.

78 3922 222 3998 ‘Mures
244 3945 277 3996 ut
294 3940 439 3996 foeminas.
478 3944 517 3996 In
535 3944 641 3997 mansis
661 3948 756 4008 anteo,
780 3943 877 3997 Mures
894 3943 926 3996 in
944 3943 1091 4009 foeminas,
1117 3947 1264 4011 corrupte:

78 4030 198 4086 “etus
216 4033 293 4088 lectio
312 4037 337 4085 et
355 4047 429 4099 nero,
449 4036 473 4084 et
487 4033 593 4101 clepuns
607 4032 656 4087 est’
691 4030 835 4086 Victorius.
864 4032 980 4098 fortusse
993 4047 1083 4084 mares
1099 4048 1131 4084 ao
1146 4031 1264 4084 feminas

192 4127 224 4176 16
242 4123 341 4189 tepore
359 4119 387 4173 A
458 4119 608 4188 impleatur
629 4120 721 4174 PAB
739 4120 915 4190 repleaturu
987 4117 1161 4171 foecunditas
1185 4116 1212 4170 V

82 4205 301 4278 quadripedis
322 4207 413 4262 PAB
432 4208 653 4278 quadrupedis‘u
711 4216 742 4265 17
763 4211 881 4276 quatuor
900 4207 974 4260 enim
993 4205 1077 4261 modo
1096 4206 1120 4260 si
1139 4205 1264 4260 intromi-

84 4293 189 4350 sePis
206 4298 351 4352 Iucundus
422 4296 577 4351 intromisit
595 4298 685 4351 PAR
705 4296 870 4351 intromissis
889 4313 905 4349 u
966 4301 998 4349 18
1018 4295 1122 4350 etenim
1146 4295 1265 4351 Ursinus

85 4371 140 4466 ΠΡ
172 4386 243 4440 enim
262 4387 351 4441 VAB
399 4393 430 4440 19
451 4386 485 4441 de
503 4386 613 4440 ii'sPB
633 4388 668 4442 do
686 4384 949 4442 hiisAutdebisu
996 4392 1030 4441 20
1049 4385 1264 4455 qtsitAquod

91 4463 152 4517 ma
177 4475 203 4528 P
218 4477 292 4546 quod
311 4477 390 4547 (corr.
411 4478 489 4544 quot)
509 4476 566 4530 sint
579 4480 610 4530 nt
623 4478 730 4532 uidetur
744 4476 772 4530 B
786 4478 855 4545 quot
873 4475 958 4529 sintn
1014 4475 1075 4544 quis
1090 4475 1160 4530 uelit
1176 4473 1263 4529 VAB
