3000 5026
196 323 239 386 32
690 319 846 375 CATONIS

195 492 306 568 pineas.
345 488 484 571 sitrabes
498 488 741 562 miporesjacere
757 487 849 582 [ql-es,
873 486 982 547 canalis
1002 484 1272 547 anna-columnam
1293 505 1342 546 ex-

158 604 175 659 9
196 597 296 676 polito.
339 600 365 658 si
387 600 427 658 ita
451 599 570 678 leceris,
594 597 838 658 trabosP.xxl1
867 595 970 673 longae
999 613 1073 672 opus
1097 602 1194 654 erunt.
1237 592 1343 654 orbem

196 705 337 765 olearium
357 705 448 764 latum
463 719 493 764 P.
512 720 565 765 1111
584 706 740 782 punieanis
755 704 935 781 coagmentis
955 703 1058 781 tacito,
1082 718 1215 760 crassum
1231 699 1343 776 digitos

195 825 231 871 vl
255 812 356 891 facito,
387 811 551 870 subscudes
579 811 701 888 iIIgneas
725 809 864 869 adindito.
907 827 956 867 eas
979 808 1032 867 ubi
1055 808 1226 886 contremo,
1249 806 1344 867 clavis

195 920 312 978 corneis
326 917 492 979 -occludito
534 920 564 976 in
589 936 657 977 eum
676 917 778 976 orbem
799 918 854 976 trIs
873 923 991 975 catenas
1015 915 1119 974 indito.
1155 932 1205 974 eas
1221 921 1346 973 catenas

194 1042 263 1083 cum
292 1023 358 1084 orbi
381 1023 470 1083 clavIs
494 1025 599 1084 lerreIs
624 1025 773 1102 corrigito.
815 1021 918 1082 orbem
941 1040 976 1081 ex
1004 1021 1082 1081 ulmo
1107 1029 1158 1081 aut
1181 1040 1217 1081 ex
1241 1019 1346 1099 corylo

196 1131 297 1190 tacito:
321 1133 346 1190 si
369 1138 530 1209 utrumque
553 1129 689 1210 habebis,
712 1130 840 1190 alternas
864 1130 967 1189 indito.

72 1241 170 1298 XVllll
283 1237 316 1296 In
340 1256 407 1296 vasa
432 1234 543 1297 vinaria
568 1239 684 1316 stipites
708 1237 890 1314 arboresque
913 1235 992 1295 binis
1010 1234 1137 1313 pedibus
1157 1234 1279 1294 altiores
1304 1235 1345 1294 ia-

116 1344 120 1351 '
196 1346 268 1422 cito,
298 1362 387 1422 supra
416 1344 559 1403 foramina
586 1344 740 1424 arborum,
768 1344 874 1422 pedem
903 1361 1037 1421 quaeque
1062 1344 1105 1403 uti
1129 1341 1237 1421 absiet‚
1265 1359 1346 1401 unae

195 1451 301 1510 fibulae
325 1450 422 1512 locum
447 1452 544 1512 lacito.
581 1452 761 1529 semipedem
781 1469 900 1529 quoquo
925 1440 1043 1509 versum
1065 1451 1097 1508 in
1117 1448 1250 1509 suculam
1271 1467 1342 1508 sena
1357 1454 1389 1496 ¹⁴

196 1558 338 1617 foramina
362 1558 463 1617 indito.
506 1559 637 1618 toramen
662 1559 739 1636 quod
764 1559 891 1636 primum
912 1557 1002 1617 iacies
1022 1556 1203 1635 semipedem
1222 1555 1259 1615 ab
1280 1574 1342 1616 ear·

46 1680 47 1684 ’
158 1665 265 1726 2dine
289 1665 390 1744 facito,
415 1673 512 1725 cetera
536 1666 658 1725 diuidito
683 1682 770 1742 quam
793 1665 968 1723 rectissime.
1009 1661 1166 1742 porculum
1189 1665 1220 1721 in
1244 1663 1339 1722 media

196 1771 298 1831 sucula
322 1772 419 1832 lacito.
457 1775 535 1833 inter
554 1773 676 1832 arbores
695 1771 825 1831 medIum
841 1771 919 1848 quod
939 1772 1008 1849 erit,
1032 1770 1062 1829 id
1079 1770 1116 1829 ad
1131 1770 1258 1829 mediam
1274 1788 1338 1830 con·

196 1878 310 1958 librato,
334 1879 386 1938 ubi
409 1879 565 1958 porculum
589 1881 680 1957 figere
704 1878 861 1958 oportebit,
886 1880 930 1938 uti
952 1880 983 1936 in
1007 1877 1103 1936 medio
1127 1876 1244 1954 prelum
1260 1884 1339 1936 recte

197 1987 286 2045 situm
310 1987 375 2045 siet.
421 1986 561 2064 lingulam
585 2006 652 2046 cum
677 1987 780 2065 iacies,
804 1985 840 2044 de
865 1985 961 2044 medio
989 1983 1072 2061 prelo
1101 1981 1282 2064 conlibrato,
1308 1991 1340 2043 ut
1351 1988 1371 2029 1⁵

138 2164 141 2169 ⁴
196 2095 274 2152 inter
297 2093 419 2152 arbores
448 2093 523 2153 bene
552 2096 720 2173 conveniat,
749 2093 874 2170 digitum
902 2091 1039 2170 pollicem
1062 2090 1220 2150 laxamenti
1244 2090 1338 2150 lacito.

196 2208 296 2260 vectes
315 2199 503 2277 longissimos
521 2216 550 2260 P.
565 2215 656 2279 xiix,
675 2199 822 2259 secundos
841 2214 868 2258 P.
888 2213 962 2278 xvi,
982 2199 1086 2258 tertios
1105 2211 1135 2256 P.
1154 2212 1214 2277 xv,
1239 2199 1339 2257 remis-

196 2308 289 2365 sarios
308 2322 336 2366 P.
355 2321 420 2386 ΧΗ,
444 2305 554 2422 alteros
578 2323 607 2367 P.
627 2290 668 2387 x‚'
687 2307 792 2376 tertios
811 2320 839 2365 P.
858 2320 932 2366 V111.

270 2573 303 2620 10
322 2565 491 2634 semipedem
511 2581 754 2634 quoquoversum
773 2582 793 2621 c.
814 2569 867 2619 135

271 2805 284 2852 1
305 2797 421 2852 calnalis
441 2815 508 2855 corr.
529 2797 633 2852 canalis
652 2799 679 2851 A
783 2804 799 2850 2
819 2813 887 2867 opus
906 2797 999 2867 erunt]
1019 2798 1209 2866 opposuerunt
1226 2797 1254 2850 A

198 2895 214 2943 3
233 2887 322 2941 latum
340 2905 367 2958 p.
387 2886 439 2940 IIII
459 2887 518 2940 PR
536 2887 624 2942 latum
643 2906 669 2955 p.
689 2886 742 2940 IIII
760 2901 813 2943 Ξ-
831 2887 859 2939 A
877 2885 974 2940 lotum·
985 2885 1102 2955 pedibus
1121 2887 1256 2953 quattuor
1274 2904 1290 2940 o

199 2976 304 3047 digitos
328 2993 376 3031 sex
395 2978 467 3031 Abc
495 2976 598 3047 digitos
617 2977 655 3030 VI
676 2977 703 3030 P
727 2975 824 3047 digitis
844 2993 925 3030 sexo
1015 2974 1200 3029 Asubseudes
1219 2976 1281 3030 AR
1299 2996 1342 3031 su·

198 3068 295 3121 scudes
315 3067 341 3119 V
411 3073 426 3120 6
443 3084 509 3144 cum
528 3067 603 3121 orbis
617 3066 706 3119 PAR
725 3083 787 3132 oum
806 3066 949 3119 orbibusv
1022 3065 1166 3135 corrigito]
1181 3065 1342 3136 coniungito

198 3158 254 3210 cod.
274 3157 363 3210 Lacr.
383 3161 428 3223 30,
447 3161 482 3210 10
555 3155 649 3223 corylo
673 3154 719 3206 Vc
737 3152 822 3207 corilo
841 3153 890 3206 Ab

267 3243 337 3297 ER.
357 3244 436 3297 XXII
463 3244 495 3297 In
522 3259 591 3298 uasa
613 3239 722 3293 uinaria
746 3240 855 3309 stipites
879 3241 960 3294 APb
989 3240 1063 3306 Quot
1085 3260 1152 3297 uasa
1176 3243 1288 3299 uinaria
1316 3246 1344 3298 el

199 3332 299 3399 quibus
314 3331 456 3402 stipitibus
471 3334 500 3386 et
514 3328 636 3399 qualiter
649 3327 764 3381 faoiaso
837 3334 853 3380 9
868 3346 995 3398 quaeque
1010 3346 1026 3383 o
1041 3338 1150 3399 queque
1165 3331 1343 3401 PAbquen-

199 3440 252 3489 que
267 3423 306 3488 cf
372 3428 405 3476 10
420 3435 529 3491 quoquo
544 3433 656 3470 uersum
676 3415 764 3470 VAR
837 3424 869 3470 12
885 3421 977 3472 cetera
992 3418 1111 3474 diuidito
1126 3422 1182 3474 coel.
1197 3421 1287 3476 Laur.
1299 3426 1343 3488 30,

199 3552 243 3614 10,
263 3546 373 3601 caetera
391 3545 479 3598 diuito
496 3542 556 3596 PR
570 3545 662 3598 cetera
680 3502 768 3600 diuite
783 3545 809 3597 A
830 3545 994 3613 coeteraque
1008 3543 1158 3599 diuiditoo
1232 3552 1266 3600 la
1281 3564 1343 3601 con·

198 3637 300 3691 librato
316 3637 372 3690 cod.
383 3634 472 3687 Lacr.
483 3635 527 3698 30,
542 3637 586 3700 10,
600 3632 748 3688 collibrata
761 3651 778 3687 o
793 3634 933 3687 conlibato
946 3633 1004 3686 PA
1018 3632 1152 3688 oollibato
1167 3637 1182 3689 b
1198 3636 1343 3703 quolibato

200 3722 441 3786 cconliberatof
508 3725 541 3774 14
559 3720 589 3774 in
606 3721 713 3793 medio]
737 3722 767 3775 in
786 3722 907 3776 medium
926 3723 953 3775 A
1025 3723 1153 3791 praelum
1176 3724 1203 3776 V
1223 3725 1343 3794 prelium

200 3812 226 3864 A
245 3811 367 3882 prplium
386 3811 401 3864 b
420 3810 539 3884 prelium
558 3827 573 3865 c
662 3818 695 3865 15
715 3812 793 3880 prelo
813 3811 840 3864 A
863 3812 959 3879 praelo
984 3811 1010 3864 V
1097 3813 1253 3869 conlibrato
1272 3815 1344 3869 Aba

200 3900 342 3954 conlibato
358 3900 386 3952 P
403 3899 572 3954 conliberoto
591 3902 609 3966 f
623 3900 770 3955 collibrato
789 3917 805 3953 o
879 3907 910 3954 17
930 3901 1024 3954 uectae
1042 3901 1222 3969 longissimos
1240 3905 1343 3973 pedum

200 3989 276 4043 XIIX
296 3989 431 4044 secundos
453 3989 515 4059 ped.
535 3989 600 4043 XVI
619 3989 647 4041 P
661 3991 755 4044 uectae
779 3990 817 4058 (ct
834 3991 866 4042 ln
884 3991 995 4057 rasura)
1019 3990 1197 4058 longissimos
1220 4011 1246 4061 p.
1267 3994 1345 4048 XVII

200 4080 335 4134 secundos
357 4079 421 4149 ped.
440 4078 505 4132 XVI
523 4079 551 4132 A
579 4081 673 4133 noctes
695 4079 872 4148 longissimos
895 4099 921 4149 p.
941 4079 1018 4132 XIIX
1037 4081 1171 4135 secundos
1194 4099 1222 4150 p.
1242 4083 1310 4138 XVI
1329 4085 1345 4137 b

199 4171 294 4224 uectes
318 4167 495 4236 longissimos
514 4168 617 4236 pedum
636 4168 783 4222 duodecim
802 4168 847 4223 uel
867 4168 977 4223 decem=
1002 4170 1138 4224 secundos
1160 4171 1266 4239 pedum
1286 4190 1344 4227 sex-

201 4255 291 4309 decim
308 4272 336 4309 o:
356 4274 382 4323 p.
402 4255 481 4307 XIIX
501 4285 534 4295 -
554 4258 658 4311 alteros
677 4274 727 4312 om.
746 4274 761 4312 c
831 4259 929 4312 tertios
948 4276 975 4327 p.
990 4258 1042 4313 XV
1055 4261 1151 4328 priore
1170 4261 1226 4315 Ioco
1244 4263 1273 4315 P
1289 4267 1344 4318 ter·

201 4343 258 4397 cios
271 4362 298 4412 p.
314 4343 390 4396 XVb
406 4343 506 4398 torcios
525 4363 551 4414 p.
566 4346 617 4398 XX
631 4348 659 4400 A
678 4346 777 4399 tertios
795 4345 898 4414 pedum
913 4346 1071 4415 quindecim
1089 4365 1105 4401 o
1193 4355 1225 4404 18
1244 4352 1345 4407 tertios

201 4431 302 4500 pedum
317 4431 382 4483 VIII
398 4434 546 4500 posteriore
564 4435 621 4488 loco
638 4435 665 4487 P
682 4434 782 4489 torcios
801 4453 828 4503 p.
848 4434 912 4487 VIII
923 4436 996 4502 Abs
1009 4437 1107 4489 tertios
1126 4438 1229 4505 pedum
1248 4445 1345 4496 ootoo
