3000 5026
336 331 464 386 RERVM
482 330 718 388 RVSTIOARVM
736 331 803 386 LIB.
822 332 861 385 ΙΙΙ
880 330 980 388 9-10
1173 329 1238 394 295

182 498 430 580 Τνειιείλίηᾳυίῑ
457 500 562 580 Axius,
590 517 669 559 nunc
697 500 729 559 in
756 497 829 561 illud
858 518 964 581 genus,
993 499 1072 579 quod
1100 517 1159 559 nnn
1188 497 1269 560 estll

96 606 178 687 [ulla]
208 606 274 668 uilla
302 617 439 669 aeterra
468 614 656 687 contentum,
684 606 736 667 sed
760 609 888 686 requirit
911 608 1053 687 piscinas,
1082 605 1161 686 quod
1185 624 1237 667 vos

96 713 274 794 philngraeci
290 716 400 776 vocatis
420 713 610 792 amphibium.
644 715 675 774 in
695 714 803 794 quibus
823 714 875 775 ubi
894 732 1014 774 anseres
1034 713 1162 788 aluntur,
1186 731 1236 773 no·

97 824 172 882 mine
201 819 420 882 chenoboscion
448 820 610 899 appellatis.
655 820 763 882 horum
791 839 895 900 greges
924 821 1023 899 Scipio
1048 818 1183 881 Metellus
1207 826 1237 880 et

69 929 129 989 ⁵M.
149 928 237 989 Seius
261 926 371 988 babent
390 945 510 1006 magnos
529 927 649 1006 aliquot.
683 925 804 1008 Merula,
828 927 923 1009 Seius,
946 929 1051 1007 inquit,
1074 928 1116 987 ita
1132 943 1237 1005 greges

94 1036 265 1114 conparavit
293 1052 444 1114 anserum,
473 1045 506 1095 ut
529 1034 583 1095 hos
608 1037 739 1114 quinque
763 1035 872 1114 gradus
896 1029 1080 1115 observaret,
1110 1051 1183 1112 quos
1206 1033 1237 1092 in
1304 1033 1309 1043 ”

91 1143 210 1224 gallinis
238 1143 308 1203 dixi.
355 1144 376 1202 ii
404 1150 473 1204 sunt
502 1143 538 1203 de
567 1161 689 1223 genere,
717 1143 753 1202 de
777 1142 885 1222 fetura,
915 1143 951 1202 de
976 1145 1051 1222 ovis,
1080 1141 1116 1201 de
1140 1139 1237 1219 pullis,

90 1251 141 1328 [de
171 1247 341 1326 anseribus]
375 1249 411 1309 de
440 1249 547 1328 sagina.
598 1250 727 1327 primum
755 1248 876 1309 iubebat
904 1267 1023 1309 servum
1050 1251 1081 1309 in
1109 1247 1262 1326 legendo2

87 1358 252 1418 observare
276 1364 310 1418 ut
333 1364 433 1416 essent
457 1355 545 1435 ampli
569 1363 599 1416 et
622 1355 689 1437 albi,
714 1357 792 1434 quod
816 1354 991 1435 plerumque
1011 1355 1107 1436 pullos
1127 1353 1239 1415 similes

28 1474 71 1516 1⁰
87 1466 138 1526 sui
163 1465 285 1525 faciunt.
318 1471 365 1524 est
388 1465 467 1523 enim
490 1462 616 1523 alterum
635 1480 729 1541 genus
750 1466 871 1544 varium,
896 1463 973 1542 quod
993 1464 1089 1523 lerum
1109 1470 1238 1542 vocatur,

85 1591 146 1633 nec
173 1590 242 1632 cnm
266 1573 302 1631 iis
327 1570 454 1631 libenter
478 1579 705 1650 congregantur,
729 1589 783 1631 nec
807 1588 866 1630 non
890 1589 982 1650 aeque
1004 1571 1037 1631 tit
1056 1576 1238 1630 mansuetus.

84 1678 250 1741 anseribus
274 1681 317 1739 ud
338 1677 553 1738 admittendum
578 1675 640 1754 [iis]
664 1685 781 1756 tempus
805 1686 850 1738 est
873 1680 1058 1756 aptissimum
1082 1696 1097 1737 a
1121 1676 1263 1757 bruma,3

84 1787 126 1848 ad
151 1784 329 1864 pariendum
353 1793 382 1843 et
406 1784 629 1845 incubandum*
653 1803 748 1864 usque
772 1785 807 1845 ad
832 1784 999 1846 solstitium.
1043 1786 1151 1860 saliunt
1175 1786 1237 1845 lere

82 1897 121 1955 in
151 1911 241 1973 aqua,
269 1893 424 1970 iniguntur
453 1893 483 1951 iu
511 1890 622 1951 llumen
648 1899 699 1951 arrt
727 1893 880 1969 piscinam.
928 1891 1060 1970 singulae
1090 1910 1148 1952 non
1172 1891 1238 1971 plus

34 2004 64 2044 1⁵
82 2007 200 2080 quater
228 2000 259 2058 in
286 2016 363 2059 anno
392 1999 519 2077 pariunt.
566 1999 703 2080 singulis,
735 1999 785 2059 ubi
809 2001 937 2079 pariant,
961 1998 1129 2059 iaciendum
1153 1997 1239 2058 baras
1350 1984 1357 1995 ⁸

80 2106 252 2186 quadratas
277 2109 390 2167 circum
413 2104 499 2165 binos
522 2105 613 2183 pedes
637 2113 667 2166 et
691 2106 884 2188 semipedem,
913 2125 962 2167 eas
988 2106 1239 2167 substernendum

76 2213 184 2293 palea.
233 2213 394 2274 notandum
417 2231 524 2273 earum
552 2231 606 2272 ova
634 2212 732 2291 aliquo
762 2215 859 2294 signo,
887 2214 966 2294 qnod
990 2214 1085 2274 aliena
1108 2231 1168 2273 nou
1191 2232 1238 2273 ex-

75 2319 217 2380 cudunt.
268 2319 304 2378 ad
337 2319 538 2380 incubandum
569 2327 741 2399 supponunt
769 2319 944 2399 plerumque
973 2339 1077 2380 novem
1105 2328 1156 2381 aut
1185 2338 1238 2380 un-

168 2533 182 2582 1
201 2525 301 2581 Transi
319 2526 412 2594 inquit
431 2526 517 2581 Axius
531 2527 639 2602 ¹Uolum.
662 2527 750 2582 VHI
767 2533 811 2584 13.
831 2533 865 2584 14
921 2534 953 2584 17
972 2528 1126 2584 notandum
1145 2543 1240 2581 aarum

63 2632 152 2670 ova
167 2632 276 2686 geopon.
298 2615 377 2669 XIV
392 2619 446 2683 22,
465 2621 483 2671 9

170 2820 182 2867 1
215 2812 325 2883 Transi]
354 2813 395 2866 De
429 2811 572 2866 anseribus
600 2813 631 2865 iu
657 2813 780 2882 eruntne
807 2813 921 2866 rubrica
947 2813 975 2866 A
1065 2814 1157 2881 inquit
1186 2813 1241 2867 VB

51 2894 194 2968 inquid
212 2903 241 2957 A
312 2909 328 2955 2
353 2901 525 2956 contemtum
544 2901 572 2954 A
643 2901 717 2968 quod
741 2917 790 2954 vos
812 2901 984 2970 philograeci
1004 2901 1112 2956 vocatis
1131 2903 1241 2971 amphi-

49 2985 175 3044 bium
188 2997 252 3061 post
278 2989 350 3044 illud
369 3007 457 3059 genus
476 2990 646 3057 transposuit
665 2990 812 3044 Iucundos
902 2998 917 3044 3
937 2992 1052 3058 fortusse
1073 3005 1173 3058 graeco
1192 3007 1241 3044 no·

52 3129 173 3190 mine
226 3133 352 3201 5inquit
376 3133 431 3186 VB
449 3130 547 3200 inquid
566 3131 594 3184 A
648 3133 858 3201 sscomparauit
878 3133 965 3186 VAB
1020 3133 1075 3187 rii
1093 3135 1158 3188 sunt
1171 3133 1198 3186 B
1212 3082 1242 3185 hii

56 3227 166 3278 sunt
183 3225 208 3279 A
226 3224 257 3278 hi
277 3223 341 3276 sunt
365 3222 390 3275 V
442 3220 553 3275 foetura
576 3220 603 3274 V
655 3225 671 3274 8
691 3220 725 3274 de
744 3221 868 3274 ascribas
888 3222 921 3275 de
940 3238 971 3275 sa
987 3223 991 3290 Ι
1008 3221 1119 3290 sagina,
1142 3222 1241 3277 cedde

61 3313 221 3368 oneribus
238 3313 373 3367 subducte
390 3312 462 3365 tinec
477 3313 600 3364 notatum
614 3310 642 3363 A
693 3311 877 3379 dplerunqus
894 3310 921 3364 V
969 3316 1001 3363 10
1016 3309 1121 3365 fatiunt
1134 3312 1161 3364 A
1209 3316 1241 3364 11

69 3403 303 3473 congregantur
318 3400 408 3455 PAB
423 3401 638 3468 congregatura
693 3416 745 3454 nen
758 3417 846 3468 aeque
861 3401 893 3453 fit
907 3403 1084 3455 mansuetum
1104 3402 1243 3456 Victorius

77 3491 120 3546 in
145 3493 266 3546 secunda
285 3491 400 3545 editione
474 3495 505 3542 12
525 3488 669 3543 anseribus
688 3488 735 3558 (ad
753 3490 817 3544 add.
833 3489 882 3558 ΑΞ)
902 3488 1105 3544 admittendum
1123 3488 1158 3544 iis
1166 3492 1242 3548 ,tem-

85 3589 153 3654 pus
180 3581 270 3635 PAR
298 3577 440 3632 anseribus
469 3576 675 3630 admittendum
702 3575 746 3631 his
774 3581 885 3647 tempus
912 3596 928 3634 n
957 3579 1101 3634 anseribus
1129 3581 1165 3634 ad
1194 3581 1241 3633 ad·

95 3664 269 3726 mittundum
300 3670 411 3736 tempus
443 3667 525 3720 codex
558 3666 801 3737 Sunqerutenensis
836 3667 997 3723 Columellee
1029 3669 1117 3724 VIII
1142 3674 1188 3739 14,
1216 3673 1242 3723 4.

104 3755 264 3831 ‘Anseribus
289 3753 471 3810 admittendis
495 3757 547 3810 eto.
584 3755 633 3809 Itu
650 3757 787 3824 castigant
815 3759 959 3812 euetustis
978 3759 1129 3826 codicibus,
1149 3774 1244 3827 parua

109 3849 263 3905 correctione
286 3845 412 3901 adbibita
426 3865 434 3896 :
450 3850 527 3898 uetus
551 3846 640 3912 lectio,
664 3846 817 3900 Anseribus
842 3845 1047 3901 admittendum
1070 3849 1105 3902 iis
1124 3850 1242 3917 tempus.

113 3934 191 3999 Meu
208 3939 239 3992 in
257 3936 373 4001 mensis,
393 3934 439 3988 Ad
458 3935 654 3990 admittendum
673 3940 776 4003 tempus
795 3936 853 3990 etc'
880 3936 1017 3992 Victorius
1073 3943 1105 3990 13
1124 3954 1189 3991 mox
1207 3937 1243 3991 ad

112 4026 263 4103 pariendum
279 4026 357 4078 etad
371 4023 558 4077 incubandum
576 4041 593 4078 a
606 4023 735 4078 kalendis
749 4025 908 4078 Februariis
923 4026 967 4078 vel
982 4025 1091 4078 Martiis
1107 4043 1191 4092 usque
1207 4025 1243 4078 ad

111 4118 252 4177 solstitium
277 4113 426 4172 Columella
499 4118 532 4166 14
560 4113 704 4182 iniguntur
727 4114 847 4184 Scaliger
874 4115 1063 4183 inunguantur
1083 4114 1139 4167 PA
1162 4115 1243 4167 inun-

10 4088 30 4360 ι
108 4209 202 4285 gantur
224 4209 252 4262 B
279 4207 443 4274 merguntur
465 4222 490 4258 u.
529 4205 626 4259 ‘Vetus
655 4207 731 4259 lectio
759 4222 776 4259 n
804 4204 939 4258 communi
967 4204 1077 4258 diuersa
1092 4224 1099 4256 :
1114 4204 1145 4255 In
1170 4217 1244 4270 aqua

104 4298 270 4367 inungentur
291 4296 321 4348 in
344 4295 446 4348 flumen
469 4295 533 4348 etn'
574 4294 711 4349 Victorius
799 4310 855 4347 non
875 4293 938 4360 plus
957 4309 1042 4360 quam
1060 4294 1103 4346 ter
1127 4292 1245 4346 Ursinus

173 4391 207 4441 15
225 4385 274 4441 ubi
293 4383 404 4454 pariant
421 4384 482 4437 AB
505 4384 643 4438 Victorius
662 4383 710 4438 ubi
729 4382 842 4453 pariunt
866 4383 891 4436 V
960 4381 1044 4436 haras
1065 4382 1091 4435 V
1107 4396 1170 4436 aras
1185 4381 1244 4434 AB

10 4511 29 4791 1
172 4481 205 4530 17
226 4473 340 4543 aliquod
358 4473 386 4527 A
404 4489 472 4527 corr.
492 4471 585 4542 aliquo
604 4472 645 4527 11²
