3000 5026
378 333 508 390 RERVM
525 334 761 392 avariciam
778 336 847 392 LIB.
866 336 879 389 I
899 332 1018 391 57-59
1107 372 1111 379 ·
1213 337 1278 403 195

136 520 232 581 neque
255 509 354 562 133333
377 504 442 563 sine
465 502 607 584 feriendis,
629 522 677 586 uc,
701 522 769 564 cum
792 522 927 566 umorem
945 507 1108 586 amiserint,
1131 508 1278 584 pertinaci

137 616 222 669 rento
245 610 322 669 vieta
345 610 424 670 flant.
470 609 596 689 ideoque
619 612 650 670 in
674 611 711 670 iis
735 629 866 672 camaras
888 620 1068 673 marmorato
1091 620 1121 673 et
1143 614 1301 691 parietes2

136 717 360 795 pavimentaque
385 715 421 793 [L
450 715 649 794 laudabiliter]
674 717 798 798 faciunt,
828 736 886 796 quo
911 719 1047 796 trigidius
1071 721 1118 780 sit.
1163 722 1195 779 in
1218 739 1277 798 quo

136 825 221 882 ctiam
251 823 369 902 quidam
398 823 561 884 triclinium
589 830 723 884 sternere
752 825 847 884 solent
874 825 999 885 cenandi
1025 844 1121 887 33333.
1167 828 1277 886 etenim

61 951 113 997 5
136 930 164 990 in
196 928 307 1008 quihus
339 929 456 990 luxuria
488 932 670 990 concesserit
701 940 734 992 ut
765 934 797 991 in
824 932 1016 1010 pinacothece
1045 933 1165 1014 iaciant,
1197 932 1276 1011 quod

136 1034 337 1114 spectaculum
364 1037 451 1097 datur
475 1037 511 1096 ah
535 1046 611 1118 arte,
639 1056 693 1097 our
716 1056 776 1098 non
799 1039 878 1118 quod
901 1047 1007 1100 natura
1031 1040 1131 1100 datum
1154 1046 1277 1100 utantur

136 1143 163 1201 in
195 1152 351 1204 venustate
384 1144 525 1223 disposita
558 1141 736 1222 pomorum?
789 1148 966 1224 praesertim
998 1164 1067 1206 cum
1094 1145 1123 1205 id
1151 1163 1212 1205 uon
1240 1147 1279 1206 sit

137 1247 316 1330 laciendum,
345 1251 424 1329 quod
448 1251 566 1329 quidam
591 1252 739 1332 iecerunt,
769 1258 802 1313 ut
825 1251 934 1312 Romae
958 1261 1093 1330 coempta
1116 1270 1201 1331 poma
1225 1270 1278 1312 rus

138 1354 290 1417 intulerint
316 1359 347 1417 in
375 1357 575 1436 oporothecen
602 1358 806 1417 instruendam
834 1360 950 1419 convivi
972 1377 1068 1419 causa.
1114 1361 1146 1418 in
1168 1360 1302 1437 opero-3

29 1489 89 1533 10
137 1460 216 1523 theca
239 1463 317 1523 mala
340 1483 458 1525 manere
482 1472 588 1543 putant
611 1467 682 1525 satis
706 1465 859 1525 commode
882 1465 932 1525 alii
953 1467 985 1524 in
1008 1465 1117 1526 tabulis
1136 1468 1277 1543 inopere

128 1577 326 1650 marmorato,
358 1570 407 1631 3111
439 1570 588 1631 substrato
621 1571 703 1649 palea
731 1571 778 1632 vel
805 1574 893 1632 etiam
921 1571 1036 1654 floccis,
1067 1571 1142 1631 mala
1169 1573 1277 1649 punica

124 1673 270 1737 demissis
294 1679 356 1738 suis
380 1678 509 1738 surculis
531 1680 563 1737 iu
586 1678 664 1738 dolio
688 1678 825 1759 harenae,
849 1679 923 1739 mala
946 1686 1069 1739 cotonea
1093 1677 1227 1740 struthea
1246 1680 1277 1738 in

107 1782 298 1860 pensilibus
325 1786 448 1864 iunetis;
477 1791 579 1844 contra
607 1787 637 1844 in
666 1804 735 1864 sapa
764 1786 880 1846 condita
909 1804 1028 1846 manere
1057 1787 1122 1863 pira
1145 1785 1278 1845 aniciana

102 1892 308 1973 sementiva3
337 1890 422 1951 sorba
452 1891 571 1969 qrridam
599 1891 725 1951 dissecta
754 1901 784 1952 et
811 1894 840 1951 iu
871 1891 931 1951 sole
955 1899 1115 1972 macerata,
1144 1900 1177 1951 ut
1198 1893 1278 1972 pira;

27 2017 58 2057 15
94 2004 151 2056 et
190 1997 281 2058 sorba
309 2016 363 2077 per
391 2017 436 2080 se,
464 1997 644 2078 ubicumque
669 1999 729 2059 sint
750 2000 846 2077 posita
869 2001 900 2058 in
923 1999 1019 2080 arido,
1047 1997 1132 2058 facile
1156 1997 1277 2058 durare:

84 2101 291 2182 [servare]
313 2123 383 2184 rapa
411 2112 548 2165 consecto
576 2106 607 2164 in
635 2107 752 2186 sinape,
784 2122 876 2165 nuces
904 2104 1072 2183 iugulandis
1099 2106 1131 2164 in
1158 2104 1276 2164 harena.

71 2213 241 2289 punica
275 2210 350 2271 mala
382 2220 413 2272 et
444 2214 475 2271 in
507 2210 617 2272 harena
649 2213 707 2271 iam
739 2211 878 2291 decerpta
914 2230 947 2272 33
979 2220 1093 2272 matura
1126 2221 1155 2272 et
1188 2212 1277 2271 etiam

66 2318 293 2399 inmatura,
322 2337 389 2378 cum
417 2319 558 2379 haereant
580 2321 612 2379 in
635 2337 688 2379 sua
711 2320 791 2398 virga
816 2326 845 2379 et
868 2319 1024 2379 demiseris
1046 2320 1078 2378 in
1101 2317 1189 2378 ollam
1212 2319 1276 2378 sine

205 2547 238 2596 11
256 2543 333 2598 33313
349 2543 453 2612 punica
471 2543 545 2600 Plio.
563 2547 609 2612 15,
629 2547 665 2598 60

206 2756 365 2812 iforieulis
379 2757 407 2812 A
426 2755 697 2812 33331311133113112
751 2756 896 2811 humorem
916 2757 1006 2812 VAB
1059 2757 1204 2814 amiserint
1222 2759 1278 2812 VB

55 2845 288 2902 amiserunt
310 2848 339 2901 A
418 2852 433 2900 2
462 2846 490 2898 in
518 2844 552 2897 iis
575 2844 635 2897 AB
663 2845 692 2897 in
711 2843 764 2896 his
792 2844 819 2897 V
888 2861 1014 2898 33333333
1038 2846 1096 2900 ΡΒ
1124 2849 1278 2901 3333333133

56 2943 203 2991 corr.
227 2953 352 2991 camaras
370 2934 398 2989 A
421 2950 544 2988 cameras
562 2950 579 2988 3
651 2938 667 2985 3
692 2931 744 2985 ‘Ire
766 2932 867 3001 optimo
886 2933 987 2998 codice,
1010 2932 1228 3001 Pauimentaque
1247 2934 1277 2989 L.

56 3013 314 3080 laudabiliter
340 3024 460 3091 faciunt,
493 3038 548 3089 quo
579 3018 709 3090 frigidius
737 3019 781 3074 311.
827 3019 903 3073 Nam
927 3036 992 3089 pro,
1021 3020 1169 3090 Friyc'dior
1196 3023 1278 3087 13333,

64 3115 208 3171 quod
228 3114 260 3169 133
282 3115 389 3168 excusis
407 3117 478 3180 3331,
501 3107 656 3179 Frigidius,
680 3110 712 3164 133
730 3109 836 3164 33333113
854 3109 977 3177 antiquie
995 3110 1102 3164 icocui’
1141 3109 1278 3164 Victorias

206 3201 424 3272 pauimentoque
448 3217 517 3256 3333,
541 3200 703 3253 3131313133
726 3229 760 3238 -
783 3201 869 3266 taque
888 3198 916 3253 A
938 3196 1157 3268 pauimentoque
1181 3216 1208 3252 m

75 3279 154 3337 .L
191 3291 395 3348 ,33333333
428 3291 472 3344 V.
487 3290 499 3343 1
514 3331 520 3342 .
535 3287 717 3342 laudantur
743 3287 805 3342 33
890 3302 944 3355 quo
977 3285 1108 3356 reputor
1135 3287 1213 3342 rocus
1241 3288 1280 3341 sic

80 3365 282 3435 Iucundos
353 3396 408 3448 quo
427 3380 577 3448 posteriore
599 3378 655 3431 1333
673 3377 887 3446 soeperacriptwm
905 3377 937 3430 ic
954 3375 983 3430 A
1055 3375 1231 3430 tecenandi
1256 3377 1281 3428 V

207 3473 222 3523 1
240 3467 271 3522 13
290 3469 473 3537 pinacotheee
492 3467 552 3521 AB
571 3464 600 3519 in
620 3464 819 3535 pinacothecae
844 3464 871 3518 V
940 3470 956 3518 6
975 3462 1072 3518 datum
1091 3466 1206 3518 3133133
1221 3465 1279 3519 ΡΒ

91 3540 204 3610 dats]
225 3558 370 3612 mutantur
387 3556 415 3610 A
438 3557 534 3610 datum
557 3554 703 3608 imitantur
720 3570 736 3607 3
809 3559 824 3607 'l
848 3553 1013 3623 praesertim
1032 3571 1095 3607 cum
1113 3552 1173 3606 AB
1199 3569 1277 3621 prae-

98 3642 231 3700 ⁸er³im
246 3644 359 3714 quidem
375 3663 436 3700 cum
452 3644 479 3698 V
530 3644 827 3712 8ooemptaocoepta
837 3643 895 3696 ΡΒ
906 3644 987 3712 cepta
996 3642 1054 3697 Am
1109 3641 1278 3710 91333333-

102 3717 236 3791 thenon
245 3736 342 3804 33333
356 3736 438 3789 333
453 3733 660 3801 inoporothece
670 3731 726 3784 ΡΑ
737 3731 766 3784 in
776 3733 963 3798 oporoueeae
973 3733 1002 3786 B
1057 3730 1179 3786 conuiuii
1195 3730 1279 3784 333

206 3824 234 3879 13
254 3824 425 3893 oporotheco
438 3823 589 3891 posteriore
608 3823 664 3875 leco
686 3820 743 3873 PA
762 3819 792 3872 13
810 3820 965 3889 porotheoa
979 3820 1007 3874 Β
1025 3821 1056 3875 13
1074 3821 1243 3890 oporothece
1262 3837 1278 3873 3

207 3919 239 3968 10
253 3912 283 3966 13
296 3911 400 3966 tabulis
413 3914 446 3965 31
458 3927 541 3980 opere
553 3910 643 3963 PAB
656 3907 687 3963 13
700 3908 813 3962 tubulos
828 3910 861 3960 31
870 3925 978 3978 opereo
1030 3915 1061 3962 12
1077 3907 1193 3962 33333113
1203 3909 1230 3962 A

113 3993 252 4076 Polonea
276 4002 404 4056 struthea
426 3999 483 4053 ΡΒ
508 4000 643 4053 33313333
666 3998 809 4053 3133311333
829 3997 857 4051 A
880 3995 991 4050 cotonia
1014 3996 1154 4049 struteau
1246 4002 1278 4048 13

112 4082 236 4145 lullctis
259 4089 348 4144 VAB
372 4087 483 4142 iunctas
503 4088 649 4143 Iucundos
665 4087 805 4141 .‘Veterea
824 4086 889 4139 libri
907 4082 1015 4137 Vinctis
1030 4104 1037 4135 ε
1054 4083 1173 4152 Quidam
1193 4099 1277 4135 333333-

31 4206 34 4213 ·
112 4158 238 4234 (10133331
256 4177 381 4232 Iunctas’
400 4177 536 4231 Victoriae
609 4182 642 4229 14
661 4174 746 4229 sorba
764 4173 911 4243 quidamo
932 4173 1015 4226 acrba
1034 4170 1171 4238 quaedam
1188 4169 1277 4223 PAB

185 4268 309 4323 dissecta
327 4266 385 4320 ΡΒ
403 4265 511 4319 (1133313
523 4263 572 4320 Ao
629 4270 661 4319 15
680 4266 709 4319 et
728 4264 840 4318 sorbav
860 4264 889 4316 31
906 4260 1090 4316 soruaPAB
1146 4264 1180 4312 16
1198 4258 1278 4328 iugu-

10 4413 12 4418 ,
113 4328 226 4412 landis
242 4355 302 4412 PA
319 4354 460 4424 iuglandis
474 4354 502 4407 Β
520 4353 702 4423 iuglandesc
775 4369 859 4407 arena
877 4355 991 4419 utroque
1010 4351 1066 4403 1333
1080 4348 1108 4400 Β
1187 4353 1219 4400 18
1238 4347 1278 4400 in·

112 4432 257 4518 matura]
280 4443 430 4500 immatura
454 4443 544 4498 VAB
