3000 5026
173 337 215 400 76
662 336 817 390 CATONIS

134 509 152 563 2
263 503 369 564 Vinum
380 504 428 563 ad
452 503 549 562 alvum
567 503 741 563 movendam
759 505 946 562 concinnare,
984 506 1059 563 vites
1077 522 1146 563 cum
1161 504 1323 584 ablaquea-

173 611 298 687 buntur,
322 613 437 688 signato
461 609 589 689 rubrica,
613 629 650 669 ne
669 610 832 669 admisceas
847 628 915 669 cum
930 618 1030 669 cetero
1046 613 1123 669 rino.
1162 613 1218 670 tris
1233 612 1322 672 lasci-

173 717 255 777 culos
280 720 389 777 veratri
412 720 468 776 atri
492 719 709 795 circumponito
732 719 847 776 circum
870 716 985 776 radices
1009 726 1039 776 et
1063 725 1174 776 terram
1194 720 1323 797 insuper

174 827 285 884 inicito.
321 843 375 903 per
408 824 585 883 uindemiam
612 824 649 883 de
676 826 714 882 iis
742 823 852 882 vitibus
881 824 961 902 quod
989 823 1150 902 delegeris,
1183 843 1324 886 seorsum

174 939 303 1009 servato,
331 939 448 1008 cyatum
475 933 506 990 in
530 939 659 990 ceteram
687 910 837 1008 potionem
862 930 963 990 indito.
1006 929 1103 990 alvum
1131 931 1264 991 movebit
1294 941 1351 992 et⁵

174 1037 318 1114 postridie
342 1037 536 1115 perpurgabit
559 1039 623 1096 sine
647 1036 789 1115 periculo.

79 1152 157 1209 (Ἧι
266 1143 383 1203 Lentim
406 1162 465 1222 quo
489 1143 576 1202 modo
596 1145 708 1202 serrari
722 1151 865 1222 oporteat.
901 1143 1092 1220 laserpicium
1107 1152 1192 1203 aceto
1207 1144 1326 1226 diluito‚

175 1252 354 1329 permisceto
368 1249 470 1310 lentim
485 1259 569 1310 aceto
584 1250 772 1328 laserpiciato
787 1259 816 1310 et
831 1253 932 1329 ponito
947 1249 1063 1310 insole.
1100 1260 1205 1329 postea
1219 1251 1325 1313 lentim

175 1356 239 1416 oleo
262 1358 436 1435 perfricato,
460 1359 550 1416 sinito
573 1365 697 1416 arescat.
734 1359 774 1416 ita
798 1359 912 1435 integra
936 1356 1104 1416 servabitur
1127 1366 1220 1418 recte.

66 1474 158 1530 cxvll
266 1462 353 1522 Oleae
381 1462 464 1523 albae
493 1482 552 1541 quo
579 1463 666 1523 modo
694 1463 879 1523 condiantur.
921 1472 1079 1542 antequam
1107 1465 1210 1542 nigrae
1241 1466 1324 1546 fiant,
1337 1483 1359 1522 ro

175 1569 396 1628 contundantur
410 1579 439 1629 et
454 1571 484 1629 in
499 1588 605 1648 aquam
620 1569 794 1629 deiciantur,
827 1570 1054 1648 erebroaquam
1069 1578 1173 1630 mutet.
1203 1552 1321 1653 deinde,

175 1675 227 1734 ubi
250 1678 324 1735 satis
346 1685 510 1736 maceratae
534 1685 635 1756 erunt,
659 1679 804 1754 exprimat
828 1684 857 1736 et
877 1679 907 1735 in
922 1685 1040 1736 acetum
1055 1679 1162 1736 coiciat
1176 1685 1207 1738 et
1222 1678 1321 1739 oleum

175 1782 275 1862 addat,
299 1782 367 1842 salis
391 1782 529 1842 selibram
554 1785 584 1842 in
608 1784 739 1843 modium
758 1783 898 1843 olearum.
936 1783 1099 1843 feniculum
1115 1792 1144 1843 et
1158 1784 1319 1846 lentiscum

175 1907 309 1949 seorsum
333 1890 440 1949 condat
463 1892 493 1949 in
517 1898 641 1950 acetum.
670 1892 695 1949 si
719 1909 777 1949 una
801 1890 965 1949 admiscere
986 1889 1074 1967 voles,
1099 1893 1159 1950 cito
1174 1894 1262 1952 utito.
1292 1895 1320 1952 in

175 1995 305 2055 orculam
329 1996 449 2057 calcato.
486 1997 622 2056 manibus
646 1999 747 2077 siccis,
771 2016 840 2057 cum
864 1999 908 2057 uti
933 1995 1025 2082 voles,
1049 2000 1168 2087 sumito.
1337 2017 1362 2056 ιε

531 2078 570 2088 μι-
606 2085 643 2095 ae-
699 2086 728 2095 ‚-
797 2079 832 2091 a-
853 2079 876 2086 .-

247 2264 261 2310 7
282 2257 392 2311 Lentim
411 2275 467 2325 quo
486 2257 569 2312 modo
590 2257 693 2312 servari
712 2256 843 2325 oporteat
863 2257 938 2310 Ptin.
960 2262 1005 2322 18,
1024 2261 1080 2310 308

248 2531 261 2576 1
281 2526 313 2579 R.
334 2524 458 2578 cxxlffl
474 2525 575 2578 Vinum
594 2524 630 2578 ad
646 2525 741 2577 aluum
756 2523 922 2577 mouendam
934 2523 1012 2578 APb
1031 2523 1075 2577 Ad
1094 2525 1200 2579 idemo
1258 2543 1308 2580 con
1351 2569 1362 2575 -

175 2666 267 2719 cinare
286 2668 312 2718 A
399 2666 624 2733 ablaqueantur
641 2665 669 2718 A
750 2665 897 2718 soemo
922 2665 948 2718 V
1030 2665 1177 2737 ainieito]
1205 2627 1278 2721 inito
1296 2696 1362 2721 ι.

263 2755 297 2808 de
316 2754 351 2807 iis
371 2755 472 2821 PAbf
496 2755 648 2809 dehisce
761 2770 885 2808 seorsum
909 2756 1054 2808 seruator
1082 2772 1191 2809 seorsus
1210 2759 1362 2810 seruat-:a

177 2897 268 2951 PAR
339 2904 355 2951 d
375 2899 488 2967 cyatum
508 2861 651 2969 scyffatum
671 2899 686 2951 b
705 2897 808 2952 elatum
823 2897 850 2950 A
869 2897 1002 2965 cyathum
1022 2897 1064 2950 Vc
1136 2899 1280 2952 caeteram
1300 2897 1331 2905 ’

211 2994 227 3041 6
247 2985 372 3056 periculo
395 2986 451 3040 VR
470 2987 592 3057 pericolo
610 2987 638 3039 A

247 3101 261 3148 7
281 3095 314 3148 R.
334 3094 433 3149 CXXV
452 3094 543 3148 Letim
563 3093 702 3162 quomodo
722 3108 813 3146 semes
827 3091 854 3144 A
873 3091 983 3146 Lentim
1002 3092 1142 3160 quomodo
1161 3109 1258 3147 serues
1273 3091 1362 3147 Pc

174 3184 285 3238 Lentim
303 3184 443 3252 quomodo
457 3183 563 3238 seruari
578 3182 731 3249 oporteato
799 3180 910 3234 Lentim
920 3212 953 3220 -
966 3183 1095 3250 oporteat
1103 3186 1168 3249 post
1181 3182 1304 3237 rubrica·
1313 3197 1362 3233 ³

175 3287 225 3324 om.
244 3289 270 3337 o,
288 3274 352 3328 odd.
371 3272 461 3325 PAR
542 3269 672 3337 oporteat
690 3268 757 3334 Pcf
770 3270 882 3336 oportet
900 3270 926 3322 A
946 3269 1089 3338 oportebit
1107 3269 1122 3321 b
1146 3332 1150 3339 Ι
1206 3270 1362 3340 laserpcj

176 3409 250 3464 oium
264 3412 292 3464 It
309 3373 487 3482 laserpitiapg
499 3412 526 3464 A
544 3408 720 3480 laserpitium
738 3415 763 3465 et
781 3411 812 3465 in
825 3412 948 3480 marpissa
967 3410 1157 3480 Laserpicinm
1175 3412 1203 3463 P
1219 3413 1294 3467 lasse
1317 3423 1362 3458 ⁴-·

175 3500 311 3570 pitiumo
419 3502 499 3555 aceto
522 3499 623 3554 diluite
646 3501 813 3570 permisceto
841 3501 950 3556 lemtim
974 3502 1055 3555 aceto
1082 3500 1265 3569 laserpiciato
1291 3515 1362 3552 τε

175 3608 260 3660 more.
276 3592 303 3644 A
407 3596 423 3642 8
442 3588 620 3658 laserpiciato
641 3590 700 3643 PR
718 3589 944 3659 lasserpiciatoo
1048 3596 1064 3642 9
1083 3588 1236 3657 perfricato
1261 3582 1362 3644 Vl

176 3679 296 3748 ptrieato
315 3679 341 3732 A
361 3677 514 3748 perfrigato
533 3695 548 3732 c

250 3791 282 3838 10
300 3785 332 3840 R.
345 3778 465 3837 'CXXVI
485 3784 569 3839 Oleae
588 3785 669 3839 albae
687 3784 827 3852 quomodo
847 3784 1012 3837 condiantur
1026 3785 1107 3838 AVb
1180 3778 1362 3852 quomod·

176 3929 232 3981 eod.
248 3927 446 3995 Lawr.30,10,
466 3928 522 3995 qud
540 3945 555 3982 c
572 3945 655 3996 quem
675 3875 848 3994 Pfluceffiednll
867 3943 921 3998 qap
941 3927 956 3978 b
976 3926 1214 3993 quemadmodum
1233 3943 1250 3980 o

178 4022 208 4069 11
230 4016 446 4086 contundantur]
467 4015 704 4084 contupdantnrA
723 4030 791 4068 corr.
811 4013 1047 4067 eontirdanturA²
1120 4012 1197 4068 etin
1217 4028 1325 4083 aquam

176 4106 329 4172 ARViet,
358 4108 387 4160 et
409 4103 438 4158 in
462 4121 536 4173 aqua
559 4104 586 4156 V
691 4108 723 4154 12
743 4101 845 4155 coieiat
870 4102 950 4155 PAb
983 4102 1125 4157 coiceatc
1152 4102 1320 4158 coniiciato

231 4201 263 4247 13
289 4195 317 4246 in
336 4193 459 4246 modium
479 4193 539 4245 AR
557 4190 586 4245 in
608 4191 722 4244 modum
747 4190 773 4243 V
841 4191 994 4245 feniculum
1013 4191 1061 4244 Ab
1081 4189 1255 4246 foeniculum
1278 4193 1316 4247 Vc

179 4287 212 4334 14
231 4280 368 4335 admisere
386 4282 413 4333 A
485 4281 573 4335 utitor
592 4281 681 4334 VAR
751 4279 781 4333 in
800 4280 936 4351 orculam]
957 4279 1059 4334 Oroula
1077 4282 1108 4333 ia
1126 4283 1254 4350 marciae
1272 4283 1314 4337 od-

177 4369 287 4436 acripait
307 4369 334 4420 P
441 4373 474 4421 15
494 4370 618 4424 manebit
637 4386 705 4424 corr.
724 4367 853 4422 manibus
873 4368 907 4422 A.
941 4374 1074 4438 poectum
1095 4376 1160 4438 poet
1188 4370 1313 4426 manibus

178 4456 260 4510 siccis
275 4459 395 4527 positum
413 4460 444 4512 ia
462 4477 478 4514 v
496 4461 593 4516 delenit
613 4462 641 4515 P
