3000 5026
491 333 620 389 baaru
639 332 876 389 averreaavu
894 333 959 388 ara.
978 333 1042 388 119
1267 331 1333 396 253
1429 328 1438 336 '

275 502 396 563 Gibatus
428 498 510 563 canis
542 504 662 580 propior
695 501 824 561 hominis
851 519 940 579 quam
967 502 1038 561 ovis.
1089 500 1221 579 pascitur
1249 501 1328 559 enim
1361 502 1379 557 8
1429 508 1431 513 ’

144 644 150 648 -
186 627 276 670 carue
303 616 334 669 et
361 608 492 689 ossibus,
521 626 582 669 non
609 607 711 668 herbis
741 616 792 669 aut
820 607 933 668 fronde.
979 607 1136 685 diligenter
1164 613 1198 665 ut
1226 605 1333 666 babeat

188 715 297 775 cibaria
330 713 555 792 providendum.
606 714 698 774 fames
731 717 808 775 enim
841 713 896 774 bos
929 713 965 774 ad
999 713 1200 792 quaerendum
1233 712 1332 773 cibum
1395 792 1397 796 Ι

188 822 290 901 ducet,
313 823 340 882 si
362 839 421 881 non
445 820 649 902 praebebitur,
673 830 703 882 et
725 841 741 881 a
765 839 872 900 pecore
896 820 1037 881 abducet:
1064 822 1122 880 nisi
1146 821 1184 899 si,
1208 828 1241 879 ut
1265 821 1329 896 qui·
1362 823 1379 878 9

165 929 253 988 suam
278 936 395 1008 putant,
424 929 513 988 etiam
536 927 606 988 illue
630 930 834 1007 pervenerint,
862 927 1052 1005 proverbium
1077 934 1110 987 ut
1133 926 1236 986 tollant
1259 927 1332 985 anti·

189 1053 254 1095 cum
284 1034 330 1094 vel
357 1036 445 1094 etiam
473 1042 507 1095 ut
533 1032 648 1119 poeot-
675 1037 809 1113 aperiant
838 1034 873 1094 de
897 1036 1044 1094 Actaeone
1073 1043 1162 1112 atquc
1186 1035 1216 1092 in
1241 1032 1332 1092 domi-

189 1159 258 1201 num
286 1141 420 1202 adferant
447 1141 559 1201 dentes.
605 1159 660 1201 nec
688 1160 747 1201 non
774 1142 815 1200 ita
842 1159 947 1219 panem
975 1140 1165 1200 hordeacium
1190 1139 1328 1219 dandum,
1341 1145 1381 1201 10

190 1255 220 1306 ut
244 1265 306 1307 non
329 1249 429 1326 potius
453 1266 521 1308 eum
545 1250 576 1307 in
599 1247 674 1308 lacte
699 1248 752 1307 des
775 1249 920 1327 intritum,
945 1247 1023 1326 quod
1048 1266 1082 1308 eo
1107 1248 1243 1307 consueti
1266 1245 1332 1306 cibo

189 1355 230 1413 uti
253 1372 271 1415 a
294 1372 403 1433 pecore
428 1373 487 1415 non
511 1357 570 1417 cito
594 1354 772 1416 desciscunt.
818 1356 993 1414 morticinae
1017 1356 1080 1414 ovis
1102 1373 1161 1414 non
1180 1356 1333 1433 patiuntur

156 1462 268 1520 rovesci
296 1479 399 1539 carne,
428 1480 466 1523 ne
495 1462 578 1522 direti
606 1480 711 1541 sapore
738 1463 838 1521 minus
867 1479 898 1520 se
927 1460 1101 1522 abstineant.
1147 1461 1218 1520 dant
1246 1462 1333 1520 etiam

185 1568 232 1627 ius
261 1585 298 1628 ex
326 1567 444 1629 ossibus
472 1576 502 1629 et
530 1587 563 1629 ea
591 1571 655 1648 ipsa
683 1587 749 1629 ossa
778 1576 910 1629 contusa.
957 1568 1061 1629 dentes
1089 1570 1168 1628 enim
1192 1569 1263 1628 lacit
1286 1568 1333 1626 fir-

180 1674 296 1733 miores
327 1681 357 1734 et
385 1692 418 1733 os
446 1676 541 1752 magis
563 1674 710 1755 patulum,
738 1683 895 1754 propterea
919 1675 997 1752 quod
1022 1675 1226 1735 vehementius
1250 1663 1341 1733 dido?

180 1788 297 1841 cuntur
334 1779 428 1840 malae
465 1781 655 1859 acrioresque
693 1784 767 1842 liunt
803 1789 925 1860 propter
960 1781 1155 1842 medullarum
1189 1800 1333 1860 saporem.

174 1886 286 1947 cibum
318 1905 424 1966 capere
448 1895 650 1947 consuescunt
672 1888 817 1969 interdiu,
844 1888 896 1948 ubi
919 1895 1096 1969 pascuntur,
1125 1890 1253 1968 vesperi,
1282 1887 1334 1948 ubi

117 2006 153 2046 ιε
171 1992 382 2054 stabulantur.
433 1994 546 2054 feturae
579 1995 759 2073 principium
792 1995 967 2055 admittendi
998 1995 1111 2054 iaciunt
1143 1997 1221 2055 varis
1249 1997 1379 2074 prin-11

167 2101 368 2178 cipioztum
405 2102 483 2161 enim
517 2101 658 2162 dicuntur
691 2101 828 2182 catulire,
864 2101 905 2183 id.
928 2109 974 2185 est
1006 2101 1163 2191 ost-endere
1196 2101 1269 2185 ve-lle
1298 2120 1334 2186 se

166 2208 329 2291 maritari.
369 2225 445 2285 quae
465 2216 528 2269 tum
547 2208 701 2289 admissae,
719 2211 839 2286 pariunt
858 2210 978 2268 circiter
998 2207 1138 2269 solstitio:
1158 2217 1333 2287 praegnates

163 2314 266 2372 enim
294 2311 392 2373 solent
420 2332 485 2374 esse
515 2323 616 2375 ternos
645 2333 769 2375 menses.
816 2317 846 2375 in
870 2316 965 2376 fetura
992 2315 1121 2376 dandum
1144 2317 1244 2394 potius
1267 2314 1334 2374 bor·

257 2509 273 2556 1
293 2504 408 2574 propior
426 2503 453 2556 V
469 2503 600 2574 proprior
613 2505 673 2559 AB
728 2511 743 2558 2
764 2522 845 2560 carne
864 2523 890 2559 oc
909 2522 925 2559 e
944 2506 1022 2560 curia
1037 2506 1095 2560 ΡΒ
1115 2523 1129 2559 e
1144 2503 1221 2560 curai
1235 2522 1303 2560 corr.
1321 2522 1335 2558 e

160 2593 264 2647 curia
273 2592 302 2647 A
313 2608 327 2646 e
339 2591 433 2646 eulina
442 2609 467 2646 o.
488 2592 540 2646 ‘Ia
551 2594 687 2648 ueteribus
700 2594 744 2647 bic
758 2595 839 2648 eiiam
853 2596 926 2649 locus
940 2596 1113 2664 inquinatur,
1128 2594 1149 2647 E
1161 2595 1237 2648 curia
1247 2593 1334 2647 enim:

159 2699 252 2750 non,
267 2681 298 2735 Β
310 2683 415 2749 eulina,
428 2681 538 2736 habent'
559 2682 697 2736 Victoriae
751 2680 850 2736 fronde
871 2684 926 2736 VB
940 2683 1038 2739 fronde
1053 2701 1121 2739 corr.
1137 2684 1228 2737 eadent
1241 2699 1334 2748 mauu,

159 2775 217 2824 ut
231 2771 347 2840 videtur,
363 2768 487 2838 frondib;
502 2769 530 2824 A
544 2769 688 2824 frondibus
701 2788 728 2822 nc
789 2771 892 2824 babeat
913 2773 968 2824 VB
982 2773 1105 2826 habeant
1118 2772 1178 2826 Am
1227 2778 1244 2824 4
1258 2787 1276 2824 a
1289 2787 1336 2840 pe·

163 2891 250 2930 core
279 2876 439 2932 abduceto
467 2893 606 2944 apeeore
630 2853 735 2932 abdu⁰et
758 2875 785 2928 B
809 2893 826 2929 a
849 2893 919 2945 peeo
944 2877 1064 2931 abducet
1085 2877 1113 2929 A
1137 2878 1173 2930 ab
1195 2894 1266 2945 peeo
1289 2878 1337 2929 ab-

165 2963 272 3019 ducet
295 2966 325 3019 P
344 2983 362 3020 a
384 2983 484 3035 pecore
508 2965 629 3020 adducet
653 2982 679 3019 m
760 2968 793 3019 ut
816 2965 930 3033 quidam
954 2966 1056 3035 putant
1085 2965 1140 3018 VB
1164 2969 1196 3018 ut
1217 2960 1337 3032 ”putant

164 3047 321 3121 ”quidam
335 3055 364 3108 A
382 3057 415 3109 ut
432 3058 534 3124 putant
553 3053 666 3124 quidam
685 3072 711 3108 m
762 3056 829 3107 but
847 3052 950 3108 tollant
965 3054 1100 3108 Gesneracs
1115 3057 1146 3106 ut
1159 3052 1264 3106 tollunt
1278 3053 1336 3105 PA

170 3145 207 3194 et
224 3145 257 3197 ia
271 3146 395 3213 morulae
407 3145 436 3198 Β
450 3144 614 3199 attollunto
668 3143 792 3198 anticum
809 3144 898 3196 PAB
914 3143 1058 3211 antiquum
1072 3160 1088 3196 v
1138 3149 1154 3196 6
1171 3140 1236 3196 ‘Vel
1250 3141 1336 3195 etiam

173 3231 219 3283 ub
243 3233 341 3302 μῦθον
364 3233 499 3301 aperiant.
537 3235 739 3302 Rescriptum
764 3235 796 3288 ia
814 3234 1008 3299 uetustissimo,
1032 3237 1056 3286 et
1073 3232 1229 3298 fidelissimo
1248 3232 1337 3286 codice

172 3316 297 3375 inuent‘
330 3321 467 3376 Victorius
539 3324 572 3375 ut
594 3323 689 3392 μῦθον
713 3323 841 3390 aperiant
860 3322 887 3374 P
907 3325 938 3375 ut
958 3321 1083 3375 ΜΥΘΟΝ
1107 3322 1236 3390 aperiant
1254 3321 1281 3374 A
1305 3323 1337 3374 ut

175 3409 319 3474 aperiant
336 3429 353 3465 v
372 3417 396 3466 et
414 3413 517 3466 lacuna
530 3417 595 3479 post
614 3413 646 3465 nt
663 3413 758 3466 relicta
776 3418 801 3466 et
819 3413 850 3466 ia
866 3413 990 3480 mareiae
1012 3412 1150 3479 adscripto
1164 3428 1294 3490 graecum
1309 3411 1336 3462 Β

263 3533 405 3589 Actaeone
434 3535 461 3589 V
486 3534 614 3589 aetaione
637 3552 705 3590 corr.
730 3537 865 3589 actaeone
889 3501 1058 3608 Aactssone
1081 3533 1108 3586 B
1181 3536 1266 3600 atque
1289 3533 1336 3585 Bc

184 3617 283 3689 adque
298 3624 358 3677 PA
430 3623 593 3679 'ladferant
608 3624 666 3676 ΡΑ
686 3623 803 3677 afferant
822 3625 870 3677 Bc
942 3622 1123 3679 hordeacium
1142 3623 1200 3676 PB
1218 3621 1336 3675 hordea-

155 3717 272 3782 ¹ecum
293 3712 353 3766 Am
377 3713 580 3767 ordeaceumu
671 3713 794 3766 dandum
818 3714 1032 3782 superscriptum
1051 3713 1083 3765 in
1101 3712 1128 3764 A
1218 3709 1336 3765 8intri-

189 3793 311 3862 lssumB
367 3818 399 3856 eo
419 3801 545 3855 consueti
558 3800 618 3856 AB
637 3801 663 3856 ei
682 3801 808 3855 consueti
828 3801 854 3853 V
907 3802 983 3855 erici
1003 3817 1102 3870 pecore
1121 3801 1203 3855 nonei
1220 3802 1224 3868 Ι
1241 3799 1295 3853 cito
1311 3799 1338 3852 A

252 3887 405 3944 desciscunt
419 3890 552 3958 Aapelius
569 3882 699 3944 Reseiunt
712 3890 740 3944 A
759 3889 878 3943 descuut
891 3889 949 3943 PB
967 3890 1138 3943 desiccante
1194 3896 1225 3942 11
1245 3887 1289 3942 ius
1305 3905 1338 3941 ex

193 4009 300 4068 mitur
315 4015 393 4069 Biia
408 4032 441 4068 ex
457 4014 564 4068 ossibus
580 4015 608 4067 P
619 3993 667 4069 iu}
681 4032 713 4069 eo
729 4015 835 4069 ossibus
849 4013 934 4068 Abia
950 4030 983 4066 ex
998 4012 1106 4066 ossibus
1120 4030 1136 4065 o
1193 4019 1225 4065 13
1244 4013 1336 4064 medu-

193 4087 282 4154 lssrum
300 4104 329 4158 A
385 4108 418 4156 15
437 4103 563 4157 foeturae
586 4102 612 4155 V
663 4108 695 4155 17
716 4102 879 4171 quaetum]
900 4117 1053 4169 quaecum
1072 4098 1160 4152 VAB
1180 4117 1251 4169 quae
1271 4105 1337 4154 tunc

194 4177 317 4246 Urbana
388 4191 547 4244 admississe
571 4208 641 4247 corr.
667 4191 787 4244 admisse
805 4190 834 4245 A
906 4189 1017 4242 circiter
1042 4188 1193 4242 solstitium
1212 4189 1337 4243 Reitercc

185 4281 292 4335 tuaest.
314 4280 431 4336 Varroo.
451 4296 563 4348 proram,
580 4296 606 4348 p.
629 4285 666 4334 69
724 4283 892 4348 praegnates
913 4277 1002 4330 PAB
1021 4281 1210 4346 praegnantes
1228 4296 1244 4333 v
1305 4284 1338 4333 18

114 4394 117 4409 =
180 4349 305 4423 fmura
322 4369 349 4423 V
418 4367 581 4422 hordeacios
600 4385 685 4435 quam
704 4366 824 4421 tritieioa
839 4367 900 4420 AB
918 4366 1062 4422 ordeacioa
1078 4384 1162 4436 quam
1176 4367 1296 4422 triticioa
1312 4369 1340 4421 P

175 4443 342 4513 ⁰rdea0e05
361 4474 445 4526 quam
463 4455 588 4511 triticeos
607 4474 622 4510 v
