3000 5026
178 335 241 400 178
669 332 855 388 VARRONIS

151 505 247 562 3rum
276 501 445 562 brassicam.
492 500 621 561 secunda
647 503 759 560 sentina
784 501 883 560 videre
906 506 1024 579 oportet
1046 519 1097 579 ne,
1125 499 1205 560 unde
1227 499 1316 580 tollas,

176 611 301 668 nimium
338 610 397 668 cito
437 616 487 668 aut
519 608 602 668 tarde
635 607 729 668 tollas.
788 616 907 687 tempus
940 610 1017 668 enim
1051 608 1205 687 idoneum,
1233 606 1315 692 ‘quod

176 714 280 775 scribit
299 714 530 795 Theophrastus
553 733 621 774 vere
646 724 676 775 et
699 723 841 775 autumno
866 723 895 774 et
914 713 1064 775 caniculae
1083 722 1200 793 exortu,
1224 731 1315 792 neque

175 821 314 883 omnibus
347 820 420 882 locis
454 840 487 881 ac
523 821 683 900 generibus
710 821 797 883 idem.
843 822 874 880 in
903 823 982 881 sicco
1011 828 1041 881 et
1069 839 1169 881 macro
1198 820 1263 881 loco
1289 828 1317 881 et

176 928 314 1007 argilloso
346 947 469 990 vernum
507 936 625 1008 tempus
657 929 810 1009 idoneum,
848 947 907 1006 quo
940 930 1039 988 minus
1070 927 1160 988 habet
1192 930 1345 988 umoristt

175 1037 206 1095 in
230 1044 308 1096 terra
333 1036 408 1096 bona
432 1055 466 1096 ac
489 1038 592 1114 pingui
616 1043 766 1116 autumno,
791 1035 868 1114 quod
895 1053 962 1096 vere
982 1036 1093 1096 multus
1112 1053 1209 1116 umor,
1233 1054 1315 1114 quam

149 1145 323 1203 Asationem
356 1143 476 1223 quidam
508 1146 672 1204 metiuntur
704 1142 767 1202 lere
799 1142 905 1203 diebus
936 1158 1018 1203 xxx.
1072 1144 1195 1202 tertium
1227 1160 1316 1221 genus

175 1252 309 1332 seminis,
338 1251 420 1329 quod
446 1271 480 1312 ex
509 1250 614 1311 arbore
643 1268 696 1328 per
724 1248 839 1310 surclos
867 1249 1000 1310 defertur
1027 1251 1058 1308 in
1087 1256 1213 1329 terram,
1241 1250 1315 1308 siin

174 1355 297 1417 humum
330 1356 507 1438 demittitur,
540 1360 571 1417 in
606 1356 782 1436 quibusdam
817 1354 912 1433 [carni]
946 1363 993 1415 est
1024 1356 1185 1416 videndum
1219 1363 1251 1416 ut
1282 1375 1314 1416 eo

173 1472 306 1543 tempore
339 1467 378 1524 sit
411 1463 624 1543 deplantatum,
663 1482 721 1543 quo
754 1472 872 1542 oportet
903 1456 947 1544 (id
982 1463 1014 1522 bt
1048 1472 1123 1543 tum,
1160 1471 1313 1544 antequam
1324 1475 1342 1515 1⁰

174 1588 323 1648 gemmare
347 1578 398 1632 ant
421 1571 528 1631 llorere
553 1571 624 1650 quid
648 1564 780 1652 incipit),
810 1578 840 1630 et
864 1588 938 1649 quae
962 1570 999 1630 de
1023 1569 1128 1631 arbore
1152 1572 1311 1632 transieras

171 1685 205 1737 ut
242 1696 276 1737 ea
314 1679 467 1757 deplantes
504 1679 604 1758 potius
639 1696 726 1756 quam
757 1677 920 1758 delringas,
963 1677 1042 1756 qrrod
1071 1676 1188 1756 plantae
1223 1677 1313 1738 solum

172 1783 320 1866 stabiliuS,
358 1805 417 1865 quo
455 1786 543 1846 latius
576 1791 627 1845 aut
656 1784 771 1844 radices
804 1785 1048 1854 saciliusmittit.
1104 1802 1137 1844 ea
1171 1785 1314 1863 celeriter,

170 1899 327 1971 antequam
356 1911 447 1953 sucus
470 1900 636 1971 exarescat,
664 1894 694 1952 in
718 1900 828 1952 terram
852 1892 1019 1952 demittunt.
1068 1889 1166 1967 [dum]
1193 1893 1223 1950 in
1242 1890 1314 1951 olea·

169 2000 263 2076 gineis
292 1999 456 2060 seminibus
484 1998 633 2076 [arbores]
662 2000 821 2061 videndum
850 2007 882 2059 ut
911 2000 950 2058 sit
977 1997 1013 2057 de
1042 2005 1145 2058 tenero
1175 2016 1259 2057 ramo
1282 2014 1320 2057 ex

167 2114 294 2186 utraque
331 2116 414 2187 parte
452 2106 646 2186 aequabiliter
682 2109 864 2186 praecisum,
901 2125 974 2185 quas
1009 2105 1059 2165 alii
1091 2104 1232 2185 clavolas,
1270 2104 1325 2165 alii

137 2211 258 2274 btaleas
281 2213 429 2292 appellant
452 2233 485 2274 ae
511 2215 622 2274 iaciunt
643 2216 764 2274 circiter
783 2213 911 2293 pedales.
958 2219 1095 2291 quartum
1115 2230 1212 2290 genus
1232 2214 1336 2272 semi-

166 2320 226 2398 nis,
256 2319 334 2398 quod
363 2323 471 2381 transit
499 2339 533 2381 ex
563 2321 669 2382 arbore
697 2324 728 2381 in
756 2320 856 2401 aliam,
884 2320 1044 2380 videndum
1072 2337 1130 2398 qua
1149 2337 1186 2378 ex
1210 2319 1352 2380 arbore

236 2513 252 2559 2
277 2509 389 2578 tempus
414 2508 488 2563 enim
511 2508 645 2563 idoneum
670 2509 803 2579 Theopbr.
829 2525 903 2564 caus.
923 2510 1013 2579 pluat.
1032 2508 1097 2576 Ie,
1116 2512 1134 2562 3
1152 2525 1209 2578 sqq.
1286 2515 1352 2562 1..

166 2612 202 2649 ex
222 2597 340 2665 utraque
358 2599 439 2666 parte
458 2597 643 2666 aequabiliter
661 2598 734 2653 Noa.
752 2616 781 2667 p.
801 2602 862 2667 414,
878 2602 918 2654 27

169 2706 382 2716 Q„—
861 2682 882 2729 a,

239 2778 253 2825 1
275 2773 394 2844 uideret·
403 2776 515 2845 oportet
533 2776 561 2830 A
633 2783 649 2830 3
668 2777 855 2846 theophratus
874 2775 902 2830 A
974 2778 1078 2830 antdno
1097 2776 1127 2830 P
1142 2777 1271 2830 autunno

164 2860 315 2917 autum.A
330 2864 500 2918 auctunnoo
548 2864 606 2918 tin
622 2864 694 2943 sicco
708 2865 790 2920 ABa
805 2867 834 2920 in
849 2865 906 2919 sico
921 2865 949 2919 P
993 2867 1008 2918 5
1024 2863 1128 2919 umoris
1143 2865 1203 2919 ΡΑ
1218 2866 1335 2919 hum

147 2949 203 3003 'ria
226 2951 276 3006 Ba
350 2957 366 3005 6
386 2955 491 3007 autdno
508 2954 535 3009 P
553 2956 686 3009 autumno
700 2956 728 3011 A
743 2955 866 3008 autunuo
880 2953 908 3007 B
923 2953 1062 3008 auetunno
1077 2970 1093 3008 a
1166 2973 1249 3010 umor
1260 2956 1352 3008 12²

162 3039 262 3093 humor
276 3039 325 3094 Ba
380 3047 396 3095 8
417 3041 507 3106 ‘Quod
523 3058 556 3094 ex
570 3043 669 3096 arbore
683 3057 733 3111 per
747 3041 872 3097 surculos
886 3042 938 3095 etc.
964 3041 1107 3097 Oommam'
1125 3043 1240 3098 lectione
1254 3061 1352 3099 σο

162 3133 273 3182 seruata
286 3135 401 3183 ueterem
414 3131 582 3198 scripturam
597 3130 722 3184 omnebus
735 3131 873 3198 adponam
884 3151 890 3184 :
897 3131 1089 3200 pertmbatam
1103 3132 1183 3186 illam
1197 3134 1352 3202 quide

162 3221 187 3268 a
205 3218 377 3285 maculosam,
398 3235 467 3286 qaae
485 3225 576 3273 tamea
590 3219 705 3285 fortasse
720 3234 795 3288 opem
810 3221 917 3287 adferre
931 3221 1018 3288 possit
1031 3221 1068 3274 ad
1081 3221 1218 3275 aeriorum
1233 3223 1352 3277 iaci

161 3305 302 3372 quadam:
319 3306 399 3371 Quod
424 3324 457 3360 ex
477 3309 576 3362 arbore
595 3324 645 3376 per
664 3306 769 3362 surelou
790 3307 914 3364 defertur
931 3308 961 3362 in
979 3310 1084 3362 terram
1104 3308 1130 3362 si
1147 3309 1178 3363 in
1197 3311 1263 3365 hum
1279 3327 1352 3363 ι]

163 3391 320 3447 demittitur
334 3394 363 3448 in
378 3395 544 3464 quibusdam
561 3414 625 3450 cum
639 3397 683 3450 est
696 3395 828 3451 uidedum
840 3397 904 3452 eta’
923 3398 1061 3452 Victorias
1133 3399 1241 3453 surclos
1254 3399 1352 3452 P

162 3484 259 3537 surdos
283 3485 310 3538 B
339 3484 463 3538 surculos
489 3501 504 3537 a
578 3484 669 3539 sicin
693 3487 810 3541 humum
834 3485 1005 3555 demittitur,
1035 3489 1067 3541 ut
1089 3487 1119 3540 in
1143 3487 1352 3557 quibusda:

161 3574 254 3625 tamen
275 3571 312 3626 sit
329 3572 481 3628 uidendum
500 3574 647 3630 Iaeaadas.
719 3574 907 3628 adimittitur
932 3575 1021 3629 VAB
1092 3576 1122 3630 in
1141 3577 1352 3646 quibusdan

162 3675 224 3712 eum
244 3661 288 3713 est
302 3660 358 3714 PB
377 3660 406 3713 in
421 3661 589 3727 quibusdam
604 3670 683 3718 eume
699 3664 726 3718 A
739 3665 768 3717 in
783 3662 1058 3735 quibusdamtamen
1073 3667 1145 3718 esta
1202 3672 1236 3721 10
1257 3674 1348 3734 quo

161 3748 273 3815 oportet
291 3764 307 3802 a
326 3748 399 3815 quod
420 3751 531 3817 oportet
551 3749 645 3806 PAR
701 3758 733 3806 13
757 3750 833 3805 mitti
851 3752 879 3805 A
897 3767 965 3806 corr.
984 3753 1074 3807 mittit
1093 3759 1124 3808 at
1142 3756 1252 3809 videtur
1267 3746 1336 3809 1¹

217 3841 249 3888 14
263 3835 293 3888 in
307 3836 410 3890 terram
426 3835 639 3908 demittendum,
653 3839 683 3893 in
697 3837 850 3908 oleagineis
861 3838 1014 3895 seminibus
1023 3841 1176 3896 uidendum
1186 3843 1317 3913 Scalipcr

231 3960 296 4014 dum
316 3960 344 4015 in
363 3962 516 4031 oleagineis
531 3963 588 4018 PA
607 3965 673 4018 dum
691 3963 722 4017 in
736 3941 879 4032 oleagedis
894 3965 922 4018 B
936 3965 1047 4019 demum
1071 3966 1100 4021 in
1119 3966 1297 4039 oleagineiaa

161 4050 253 4105 ‘Nihil
275 4052 319 4105 bie
341 4053 470 4120 uariam,
494 4054 600 4107 diuersi
618 4058 707 4108 tamea
725 4057 791 4107 aaut
809 4053 919 4122 aatiqm‘
937 4055 1039 4108 codices
1057 4060 1082 4110 et
1100 4055 1176 4109 loeas
1192 4057 1296 4123 sottum

158 4140 225 4193 aitia'
243 4140 350 4209 aliquid
367 4142 446 4195 babet
461 4157 532 4210 :pro
546 4142 671 4207 Damam,
688 4141 775 4210 ipitar
793 4140 824 4194 ia
843 4142 899 4195 illic
915 4139 1007 4196 Dum:
1023 4159 1056 4197 aa
1068 4159 1125 4198 aaa
1140 4146 1228 4200 multo
1237 4157 1296 4220 pact,

157 4229 207 4282 abi
225 4230 256 4281 in
270 4231 417 4296 impressis,
436 4230 498 4285 Alii
512 4231 655 4285 claaolas:
671 4231 704 4283 m
716 4231 821 4297 iisdem,
838 4230 909 4285 Aliis
924 4230 1049 4287 clauolas
1064 4276 1070 4288 .
1086 4232 1229 4302 Fortasse,
1248 4242 1299 4298 Alit

158 4351 307 4417 aelaaalas,
330 4353 468 4421 lepeadam
493 4354 542 4409 est’
573 4354 711 4409 Victorias
797 4361 829 4408 15
854 4371 887 4409 ex
911 4333 1070 4427 auriliane
1093 4358 1122 4412 B
1197 4367 1231 4415 16
1260 4369 1303 4424 atii

159 4438 284 4494 clauolas
308 4439 364 4494 Pm
387 4441 451 4495 aliis
474 4441 599 4498 clauolas
618 4444 646 4500 A
664 4444 714 4499 alii
736 4442 875 4500 sclauolas
894 4446 942 4499 Ba
1016 4451 1048 4500 18
1066 4443 1233 4504 uidemdum
1247 4454 1274 4508 A
