3000 5026
237 330 302 395 186
728 329 914 384 VARRONIS

237 498 389 558 conditum
408 497 546 576 gladium.
592 497 658 557 iiiut
676 505 774 557 autem
795 515 908 557 summa
927 499 958 557 in
977 499 1058 575 spica
1077 499 1134 556 iarn
1154 503 1280 577 matura,
1303 497 1380 575 quod

237 615 282 665 est
310 607 408 665 minus
432 623 519 684 quarn
543 623 681 684 granum,
710 612 831 664 vocatur
855 604 913 663 rrae
960 604 1038 683 quod
1063 608 1094 664 in
1117 605 1218 664 intima
1242 606 1323 683 spica
1347 603 1381 665 ad

237 712 368 773 culmum
392 714 547 773 stramenti
570 730 718 772 summum
737 714 808 771 item
827 713 927 770 minus
950 728 1038 789 quarn
1062 728 1187 788 granum
1205 716 1261 790 est,
1285 709 1381 789 appel·

237 818 315 880 latur
338 838 490 879 urrucum.

134 927 226 986 xcix
326 926 398 986 Cum
427 928 620 987 conticuisset
649 944 703 986 nec
731 928 980 1004 interrogaretur,
1012 923 1048 983 de
1077 925 1228 984 nutricatu
1257 923 1382 985 credens

236 1033 308 1093 nihii
338 1033 515 1114 desiderari,
548 1032 662 1112 Dicam,
690 1035 800 1113 inquit,
830 1032 867 1092 de
894 1031 1043 1091 fructibus
1072 1033 1195 1091 maturis
1223 1030 1398 1110 capiendis„

236 1143 365 1219 primurn
389 1139 425 1200 de
449 1141 543 1218 pratis
566 1141 742 1221 summissis,
765 1139 857 1199 herba
881 1157 950 1199 cum
974 1156 1110 1198 crescere
1133 1138 1223 1198 desiit
1245 1145 1277 1198 et
1300 1144 1382 1198 aestu

236 1249 356 1327 arescit,
390 1245 542 1306 subsecari
575 1245 700 1307 falcibus
732 1246 821 1306 debet
851 1255 893 1321 et,
923 1246 1017 1325 quaad
1041 1252 1225 1324 perarescat,
1259 1242 1383 1305 furcillis

238 1356 363 1413 versari:
392 1371 459 1413 cum
483 1355 629 1432 peraruit,
657 1352 694 1412 de
718 1352 765 1412 his
789 1352 954 1431 manipulos
977 1355 1043 1412 beri
1065 1371 1098 1412 ac
1123 1351 1190 1411 rehi
1213 1350 1250 1411 ad
1275 1350 1384 1411 villam:

238 1469 300 1520 turn
334 1460 370 1519 de
402 1462 495 1538 pratis
528 1459 667 1538 stipulam
695 1459 823 1520 rastellis
850 1460 932 1520 eradi
960 1468 1048 1539 atque
1076 1458 1184 1519 addere
1214 1457 1382 1517 faenisiciae
1423 1469 1500 1506 1·

211 1566 401 1627 2cumulum.
449 1585 507 1645 quo
531 1566 607 1626 iacto
631 1565 782 1626 sicilienda
805 1576 898 1647 prata,
921 1566 950 1627 id
974 1575 1020 1626 est
1044 1564 1169 1625 falcibus
1187 1564 1383 1626 consectanda

237 1692 312 1753 quae
333 1674 489 1733 faenisices
508 1676 728 1752 praeterierunt
747 1693 781 1734 ac
801 1677 886 1752 quasi
900 1672 992 1733 herba
1007 1671 1181 1733 tuberosum
1197 1670 1386 1752 reliquerunt

236 1798 383 1858 campum.
430 1799 446 1840 a
471 1800 528 1860 qua
552 1783 684 1841 sectione
707 1780 838 1841 arbitror
861 1781 973 1841 dictum
997 1779 1108 1840 sicilire
1131 1786 1259 1857 pratum.

236 1974 448 1981 ——-—.

309 2118 340 2165 11
362 2111 508 2168 sicilienda
525 2117 608 2184 prata
628 2115 705 2170 Plin.
726 2117 771 2180 18,
789 2116 845 2167 259

309 2438 320 2483 1
343 2430 486 2484 conditum
504 2429 631 2500 gladium
647 2431 706 2484 PB
725 2431 839 2485 conditu
858 2430 984 2499 gladium
1002 2447 1070 2485 corr.
1090 2430 1205 2485 conditu
1223 2430 1341 2499 gladius
1369 2457 1376 2479 ι

236 2519 364 2574 conditus
388 2519 499 2587 gladius
522 2535 569 2572 mv
586 2562 592 2572 .
608 2520 704 2575 ‘Latet
727 2520 870 2574 conditum
893 2521 1026 2589 gladium.
1060 2520 1142 2575 Vetus
1159 2521 1224 2574 boec
1242 2525 1282 2574 est
1301 2521 1421 2576 lectis»
1488 2536 1500 2558 ¹

235 2624 317 2677 quarn
348 2608 467 2662 restitut’
513 2607 651 2662 Victorius
740 2609 806 2662 illut
836 2610 931 2662 autem
964 2610 992 2663 P
1020 2609 1091 2663 iilud
1123 2610 1218 2663 autem
1252 2609 1302 2664 Bo
1336 2610 1497 2665 illes

236 2698 330 2751 autem
349 2697 408 2751 Am
480 2703 495 2748 2
520 2696 594 2764 quod
618 2696 649 2749 in
670 2696 766 2750 infima
784 2696 929 2751 Iucundos
953 2698 1027 2766 quod
1050 2698 1079 2751 in
1101 2698 1181 2751 firma
1205 2697 1296 2752 VAB
1371 2702 1478 2750 Ξ

236 2784 395 2854 appellatur
414 2784 598 2854 (appellatum
613 2786 651 2854 B)
666 2803 797 2839 urrucum
811 2785 993 2840 conticuisset
1008 2787 1067 2841 PB
1082 2785 1243 2856 appellatur
1258 2827 1303 2842 ...
1324 2805 1400 2842 cu.

236 2874 403 2930 conticuisse
432 2892 492 2929 curn
520 2891 621 2930 rasura
648 2877 732 2930 trium
764 2877 917 2930 litterarum
948 2881 1012 2929 unte
1044 2892 1107 2929 cum
1139 2880 1164 2929 et
1195 2876 1228 2928 r'n
1259 2880 1356 2946 morgi
1425 2911 1443 2919 -

235 2966 349 3020 rubrica
376 2963 418 3020 De
446 2963 600 3034 Colligend'
629 2965 657 3019 A
688 2963 849 3034 appellator
880 2981 977 3018 uarum
1010 2981 1073 3018 cum
1101 2962 1284 3018 conticuisset
1313 2965 1356 3020 A*

235 3055 395 3123 appellatur
413 3070 563 3107 urrnncum
582 3053 651 3107 Cum
669 3053 837 3106 recursura
909 3057 1098 3107 turruncum
1114 3094 1119 3105 .
1134 3051 1239 3106 Vemm
1262 3070 1330 3109 cum
1359 3079 1410 3101 -·
1446 3078 1500 3101 ο

234 3142 376 3196 nutricatu
395 3141 573 3196 conticuisset
592 3139 725 3207 Licinius,
749 3157 801 3194 uec
819 3140 1038 3211 interrogaretur
1057 3141 1205 3197 Iucundus

307 3253 323 3301 5
347 3246 461 3301 ‘Verum
485 3265 548 3301 cum
572 3247 607 3301 de
630 3245 773 3301 nutricatu
797 3247 978 3302 conticuisset
1003 3247 1111 3302 Licinus
1139 3251 1191 3304 etc.
1226 3249 1404 3306 Vetust':

235 3353 294 3390 naus
331 3353 364 3390 ac
399 3337 572 3403 fidelissimus
605 3335 707 3402 Codex,
743 3352 820 3405 quem
855 3337 936 3392 multi
971 3354 1057 3392 mauu
1092 3338 1190 3407 scripti
1220 3345 1468 3409 manantia:-

234 3427 276 3480 ito
293 3423 389 3494 'babet‚
414 3424 609 3491 conticuisset,
634 3440 686 3479 nec
709 3425 927 3496 interrogaretur
945 3425 979 3481 ds
999 3425 1152 3494 nutricatu,
1176 3427 1294 3483 credens
1312 3429 1498 3486 nik-xil

235 3513 387 3568 desiderari
420 3510 512 3565 dicam
540 3510 634 3578 inquit
665 3512 700 3566 de
733 3512 894 3568 fructibus.
915 3515 1038 3568 Minoris
1069 3517 1213 3570 uetustatis
1246 3518 1329 3586 liber,
1472 3538 1488 3574 a

237 3603 319 3657 Gallo
368 3602 474 3655 donatur
518 3600 656 3668 scriptus,
707 3618 870 3658 communem
916 3604 1051 3657 lectionem
1096 3605 1190 3658 babet’
1244 3606 1479 3662 Victorino

307 3696 322 3741 6
349 3687 438 3742 nichil
461 3688 488 3741 A
560 3687 652 3756 inquit
678 3689 734 3745 VB
756 3690 854 3760 inquid
873 3692 900 3743 A
972 3696 988 3744 8
1016 3690 1136 3746 falcibus
1158 3694 1191 3748 in
1212 3695 1268 3762 fine
1291 3710 1471 3751 versvs

235 3779 375 3841 omissum,
404 3777 451 3830 sed
473 3777 504 3829 r'n
527 3779 651 3846 margine
673 3781 799 3834 additum
821 3781 912 3834 estin
929 3778 958 3833 A
1029 3781 1122 3850 quaad
1141 3781 1231 3838 PAB
1254 3783 1386 3852 quoad
1450 3797 1462 3832 v

306 3865 476 3933 tparanuit
490 3866 518 3920 A
591 3872 624 3920 10
639 3868 724 3936 atque
739 3869 839 3923 addere
854 3885 869 3921 o
889 3867 980 3936 adque
994 3868 1041 3931 (ad
1055 3886 1127 3938 quae
1141 3887 1209 3926 corr.
1226 3872 1263 3926 ad
1278 3889 1333 3942 que
1368 3866 1456 3933 13)

235 3989 336 4045 addere
351 3990 441 4045 PAB
491 3990 656 4048 fenisicieA
669 3970 1070 4048 faenisiciaeVioenis¹ciaoB
1122 4000 1154 4048 11
1171 3997 1379 4052 consecranda
1411 4004 1451 4042 ’ἢ

295 4079 441 4134 faenisices
456 4081 484 4135 B
498 4079 645 4136 faenisices
660 4081 688 4134 P
697 4081 841 4136 feniscices
855 4081 883 4135 A
896 4081 1045 4137 faenisicna
1059 4101 1075 4137 o
1150 4090 1182 4138 12
1197 4085 1279 4153 quasi
1293 4077 1449 4141 barba

233 4169 396 4225 tuberosum
416 4171 564 4224 iucundus
582 4169 662 4238 qnasi
680 4170 841 4224 tuberosum
857 4171 1010 4241 Angelius.
1028 4173 1099 4227 ‘Pro
1117 4174 1200 4228 berbu
1218 4177 1314 4230 excusi
1333 4164 1465 4229 ald·

233 4257 335 4323 Barba,
352 4259 476 4312 mendose
494 4259 638 4326 habebant,
656 4259 688 4313 in
707 4259 772 4314 aliis
791 4276 846 4314 uon
864 4262 915 4314 illa
930 4263 1016 4328 plone
1034 4263 1167 4328 defecerat
1182 4305 1187 4317 .
1203 4262 1334 4332 Repoauc‘
1372 4265 1445 4306 ⁶³⁶

235 4345 357 4413 calquis
382 4347 473 4412 libris,
497 4346 612 4403 Herba.
631 4349 722 4403 Poulo
744 4349 807 4404 item
825 4366 911 4420 supra
928 4366 980 4420 pro
998 4349 1178 4420 Foenisecae,
1201 4352 1394 4408 Faenisecss
1403 4334 1442 4387 ²³¹

239 4432 377 4489 Victorius
