3000 5026
186 318 229 383 38
678 316 835 372 CATONIS

187 505 303 566 ervum,
326 483 468 565 pabulum
486 483 593 543 bubus.
634 483 757 544 alteram
771 492 801 544 et
821 486 938 544 tertiam
957 482 1058 562 pabuli
1072 484 1218 544 sationem
1233 485 1334 545 tacito.

187 593 293 654 deiude
317 591 389 652 alias
412 593 513 670 lruges
536 593 636 652 serito.
678 590 793 651 scrobis
816 592 846 651 iu
871 599 1007 651 vervacto
1030 590 1118 670 oleis,
1141 590 1243 670 ulmis,
1268 593 1336 651 viti-

187 700 257 781 bus,
285 700 364 759 ticis:
391 697 479 758 simul
506 716 575 757 cum
598 700 710 757 semiue
735 699 835 758 serito.
876 700 902 757 si
930 699 987 758 erit
1015 696 1098 758 locus
1126 700 1239 777 siccus,
1268 707 1337 758 tum

187 807 266 867 oleas
285 824 339 885 per
358 806 514 865 sementim
533 807 633 884 serito,
657 813 687 865 et
706 823 781 883 quae
804 813 872 865 aute
896 813 976 864 satae
1000 813 1101 885 eruut,
1126 813 1245 864 teneras
1270 813 1338 865 tum

188 921 349 992 supputato
372 922 402 972 et
424 912 546 972 arbores
569 911 751 991 ablaqueato.

59 1030 170 1090 XXVIII
277 1020 372 1100 oleas,
396 1019 500 1098 ulmos,
523 1019 604 1100 ticos,
627 1038 722 1099 poma,
734 1021 829 1098 uites,
852 1021 947 1099 pinos,
970 1037 1130 1097 cupressos
1153 1036 1222 1078 cum
1242 1037 1340 1100 seres,

189 1127 265 1188 bene
288 1145 355 1187 cum
380 1125 530 1185 radicibus
553 1127 673 1185 eximito
697 1144 765 1186 cum
789 1134 869 1185 terra
888 1144 940 1185 sua
960 1143 1048 1204 quam
1066 1125 1193 1203 plurIma
1208 1127 1344 1186 circum-

189 1235 346 1314 ligatoque‚
377 1234 422 1292 uti
445 1233 523 1292 lerre
547 1234 657 1310 possis:
686 1233 717 1292 iu
745 1231 827 1291 alveo
850 1239 902 1292 aut
924 1234 955 1291 iu
983 1231 1105 1292 corbula
1129 1233 1201 1291 terri
1225 1231 1346 1294 iubeto.

189 1350 305 1421 caveto,
334 1357 423 1419 quom
447 1346 553 1398 ventus
576 1341 634 1398 siet
657 1347 709 1399 aut
731 1338 840 1418 imber,
868 1338 989 1398 eliodias
1012 1346 1064 1399 aut
1089 1341 1180 1399 teras:
1208 1357 1279 1398 uam
1309 1339 1344 1399 id

149 1455 167 1510 2
189 1449 316 1510 maxime
336 1444 503 1505 'cavendum
527 1451 581 1504 est.
623 1446 653 1502 in
677 1444 783 1504 scrobe
807 1463 897 1523 quom
920 1463 1027 1528 pones,
1055 1463 1199 1505 summam
1224 1455 1344 1506 terram
1365 1455 1381 1493 ¹

187 1553 321 1615 subdito:
344 1560 447 1631 postea
472 1553 588 1629 operito
608 1558 686 1612 terra
707 1551 858 1611 radicibus
877 1552 938 1632 dui,
962 1551 1068 1612 deiude
1083 1551 1195 1613 calcato
1210 1553 1348 1631 pedibus

181 1663 276 1742 bene,
308 1659 414 1720 deiude
444 1661 567 1720 festucis
597 1659 791 1738 vectibusque
819 1657 930 1719 calcato
961 1677 1049 1738 quam
1073 1663 1183 1738 optIme
1207 1662 1344 1738 poteris:

187 1769 217 1830 id
245 1770 303 1827 erit
326 1769 353 1827 ei
382 1768 425 1826 rei
449 1769 588 1845 primum.
625 1765 748 1826 arbores
771 1767 933 1824 crassiores
958 1766 1059 1844 digitis
1082 1783 1105 1828 v
1134 1786 1210 1846 quac
1239 1753 1340 1848 eruut,

188 1894 238 1936 eas
260 1876 410 1953 praecisas
434 1874 525 1932 serito
549 1871 733 1950 obliuitoque
757 1872 827 1932 fimo
850 1891 981 1932 summas
1005 1880 1035 1932 ct
1058 1872 1136 1932 loliis
1160 1872 1290 1951 alligato.

44 1984 169 2042 XXVIIII
279 1981 401 2041 Stercus
425 1979 548 2040 dividuo
567 1981 618 2039 sic.
656 1988 770 2057 partem
789 1978 940 2038 dimidiam
959 1981 989 2038 iu
1009 1987 1154 2059 segetem,
1178 1979 1381 2058 01110010·Ῑε

187 2089 248 2150 lum
263 2107 354 2169 seras,
377 2087 522 2166 invehito,
546 2094 576 2145 et
590 2088 616 2145 si
630 2085 672 2145 ibi
687 2085 750 2145 olea
765 2088 836 2166 erit,
859 2084 949 2145 simul
967 2085 1141 2165 ablaqueato
1158 2095 1336 2167 stercusque

187 2197 300 2257 addito:
323 2203 426 2274 postea
440 2191 581 2271 pabulum
605 2195 704 2252 serito.
746 2200 861 2270 partem
884 2200 1021 2271 quartam
1044 2195 1159 2274 circum
1184 2193 1265 2254 oleas
1289 2195 1335 2255 ab·

187 2303 346 2383 laqueatas,
370 2318 460 2380 quom
474 2302 600 2360 maxime
615 2317 691 2378 opus
705 2301 771 2380 erit,
795 2299 895 2360 addito
914 2307 1053 2378 terraque
1073 2308 1190 2360 stercus
1210 2303 1334 2380 operito.

187 2407 400 2423 .-..---,--

260 2445 276 2492 3
295 2437 319 2492 si
337 2437 391 2492 erit
408 2437 487 2491 locus
505 2435 594 2491 siccus
612 2451 633 2490 c.
653 2439 688 2489 61
780 2441 796 2489 6
815 2433 898 2490 01600
917 2436 994 2490 Ptin.
1013 2441 1059 2502 17,
1078 2441 1124 2492 83.
1147 2442 1194 2492 85.
1217 2442 1257 2493 87

191 2534 225 2583 15
244 2527 356 2581 Stercus
376 2541 398 2580 s.
417 2530 435 2580 5

261 2658 274 2704 1
294 2650 411 2705 terciam
429 2648 528 2719 pabuli
546 2648 709 2703 seictiouem
728 2649 756 2703 A
846 2648 911 2703 tin
929 2648 1060 2703 ueruscio
1079 2649 1136 2703 PR
1158 2648 1188 2704 in
1207 2644 1335 2706 uetustis

188 2744 215 2795 A
242 2738 379 2794 inuectito
404 2755 429 2792 o.
475 2737 606 2808 ‘Antiqui
633 2739 711 2805 libri,
744 2739 776 2793 10
808 2736 953 2793 namacio:
985 2739 1141 2792 coniecisse
1174 2740 1266 2806 ducii,
1299 2740 1337 2795 Iu

188 2833 331 2895 uerrucis,
357 2827 571 2883 emosdauimus’
598 2826 736 2882 Victorius
842 2832 859 2881 s
881 2828 997 2893 sortasse
1026 2825 1111 2880 simul
1138 2844 1201 2880 curn
1230 2829 1335 2883 semiue

188 2918 274 2977 facito
364 2923 382 2970 4
400 2916 477 2972 01600
495 2933 545 2986 per
563 2915 711 2972 sementim
730 2918 799 2983 Aef
822 2916 898 2970 01600
916 2932 966 2986 per
984 2918 1139 2970 sementum
1159 2918 1175 2970 b
1199 2916 1278 2972 01600
1297 2936 1336 2972 06-

189 3007 306 3065 meutim
323 3007 353 3060 P
367 3005 458 3061 oleam
476 3023 527 3076 pro
546 3005 698 3061 sementia
802 3005 1007 3073 tubisqueuto
1031 3004 1057 3057 V
1082 3004 1257 3074 0110006010Ι
1273 3006 1342 3073 Ass

155 3141 159 3147 .
188 3095 378 3166 illaqueatob

260 3191 276 3238 6
299 3184 332 3237 u.
352 3183 441 3237 XXXI
468 3182 553 3238 01600
573 3181 728 3248 etreliqua
749 3180 856 3254 semina
874 3199 936 3235 cum
956 3184 1029 3249 (cum
1049 3199 1098 3236 om.
1118 3181 1157 3250 A)
1176 3200 1251 3238 seres
1270 3201 1337 3252 quo-

188 3273 271 3327 modo
291 3288 366 3326 seras
380 3272 441 3325 ΑΡ
456 3271 540 3326 01600
558 3272 587 3324 61
605 3267 716 3336 reliqua
736 3269 843 3325 semina
861 3287 947 3338 quum
966 3286 1040 3325 seres
1059 3272 1198 3338 quomodo
1217 3271 1337 3327 faciest

189 3361 273 3415 01600
291 3360 364 3416 uites
383 3363 413 3416 et
431 3361 498 3415 ficos
517 3361 547 3414 st
566 3357 691 3412 coeteras
710 3359 823 3413 srbores
842 3375 906 3413 cum
925 3375 1000 3414 seres
1014 3361 1155 3429 quomodo
1171 3377 1277 3416 seraso

189 3467 334 3521 cupressos
359 3450 415 3504 VR
433 3464 564 3526 cupresos
582 3447 610 3501 A
717 3454 817 3503 ticum
835 3451 936 3503 uentus
960 3450 1005 3517 Vf
1029 3452 1184 3505 conuentus
1202 3451 1230 3505 A
1249 3470 1337 3521 quum

188 3543 288 3596 uentus
306 3541 322 3595 b
342 3556 406 3593 cum
425 3538 559 3608 00060100
577 3553 592 3591 6
700 3540 749 3592 001
766 3538 840 3593 feres
858 3540 906 3594 Ac
917 3539 997 3606 Vict,
1016 3540 1066 3593 001
1083 3557 1158 3594 seras
1183 3540 1253 3608 be

78 3694 83 3705 ι
190 3637 223 3684 10
242 3647 329 3698 quum
347 3643 434 3698 pones
453 3626 499 3680 Pb
518 3641 580 3679 cum
599 3643 685 3696 pones
700 3628 747 3682 As
766 3627 814 3696 qui
832 3628 958 3698 impones
976 3629 1010 3696 fu
1067 3634 1099 3682 11
1119 3628 1230 3697 operito
1248 3632 1337 3684 terra·

189 3718 299 3773 dicibus
318 3717 346 3771 A
438 3720 471 3768 13
489 3713 593 3785 digitos
611 3716 636 3770 V
654 3716 727 3770 Asc
757 3716 863 3786 digitos
886 3715 1008 3785 quinque
1032 3717 1064 3784 V,
1097 3717 1219 3786 quinque
1238 3717 1338 3789 digitis

191 3807 306 3861 Plinius
319 3808 365 3871 17,
383 3809 420 3859 83
494 3810 528 3858 14
544 3805 684 3874 praecisas
704 3805 760 3858 VR
778 3804 906 3874 praecisa
919 3807 947 3858 A
1018 3806 1135 3876 alligato
1156 3806 1213 3860 Vll
1231 3806 1338 3878 aligsto

190 3897 226 3964 A,
244 3893 401 3964 praeligato
420 3895 484 3965 lepit
502 3894 616 3949 Plinius
632 3899 678 3962 17,
696 3899 735 3950 87

263 3989 295 4038 15
313 3983 345 4037 11.
366 3983 471 4038 XXXII
490 3983 603 4038 Stercus
620 3986 654 4038 ut
672 3981 782 4037 diuidss
796 3983 879 4038 APb
899 3982 1009 4037 Stercus
1027 3983 1064 4037 ad
1077 3985 1190 4038 arbores
1205 3985 1337 4040 colendas

189 4073 232 4128 uti
251 4072 396 4139 diuidusu
469 4071 590 4128 diuidito
614 4072 671 4128 VR
689 4071 778 4126 diuito
797 4071 825 4126 A
868 4069 871 4073 ⁴
900 4077 932 4126 16
951 4071 1014 4126 0160
1032 4072 1098 4143 erit]
1119 4072 1277 4128 oleadritA

189 4163 359 4232 ablaqueato
383 4164 427 4218 Vc
445 4162 617 4232 adlaqusato
635 4162 663 4216 A
681 4161 878 4231 allaqueatob
969 4167 1002 4216 17
1021 4164 1121 4232 postca
1136 4163 1286 4220 -addito
1306 4168 1338 4220 in

190 4267 276 4319 maru.
296 4249 324 4303 A
378 4249 562 4318 ablaqueatas
587 4251 663 4306 VAc
681 4250 892 4320 allaqueatasb
949 4255 981 4304 18
1000 4269 1084 4320 quam
1104 4253 1224 4307 maxime
1238 4256 1337 4322 priore

190 4339 246 4392 loco
270 4337 360 4391 VAR
388 4355 445 4406 qua
462 4340 583 4394 maxime
602 4339 747 4394 1060000100
838 4341 967 4408 teneque
987 4342 1092 4395 stercus
1117 4341 1182 4408 ch
1205 4344 1337 4413 terraque

190 4426 349 4495 stercusque
367 4426 395 4480 A
413 4426 489 4482 terra
508 4429 669 4498 stercusque
688 4429 704 4483 b
