3000 5026
134 394 136 400 y
181 326 226 388 42
674 325 829 381 CATONIS

144 497 162 553 2
182 501 366 572 postremum
380 494 446 553 fieri
460 500 586 571 oportet.
622 501 733 553 terram
747 512 818 553 cave
832 496 975 553 cariosam
989 502 1108 555 tractes.
1145 513 1216 571 ager
1229 494 1329 555 rubri-

182 619 270 660 cosus
289 608 320 659 et
337 608 416 659 terra
431 599 519 679 pulla,
533 602 690 679 matcrIna,
712 599 844 680 rudecto,
863 600 1015 680 harenosa,
1038 603 1109 661 item
1124 619 1200 679 quac
1215 620 1328 680 aquosa

182 727 240 767 non
265 710 336 787 erit,
359 707 402 767 ibi
419 705 554 785 lupinum
574 706 685 766 honum
709 707 768 768 liet.
804 708 940 766 increta
964 714 994 767 et
1016 706 1127 785 uligine
1151 716 1182 768 et
1205 708 1328 769 rubrica

181 822 212 874 et
235 817 286 893 qui
305 832 374 892 ager
393 831 523 893 aquosus
538 815 608 892 erit,
632 831 732 873 semen
751 813 893 873 adoreum
907 816 1096 892 potissImnm
1110 817 1211 874 serito.
1249 834 1327 894 quae

181 921 244 981 loca
268 923 345 982 steca
374 930 404 981 ct
431 938 491 981 non
517 919 644 979 herbosa
667 929 768 999 crunt,
792 929 892 1000 aperta
916 920 953 981 ab
976 920 1094 995 umbra,
1121 920 1164 981 ibi
1192 924 1355 984 triticum'5

64 1026 162 1084 XXXV
180 1030 280 1088 serito.
321 1027 416 1087 labam
440 1029 470 1087 in
498 1027 571 1087 locIs
599 1026 703 1086 validis
730 1046 790 1087 non
817 1028 996 1088 calamitosis
1023 1030 1124 1088 serito.
1167 1030 1274 1089 viciam
1297 1038 1328 1092 et

181 1137 298 1197 laeuum
317 1154 456 1215 graecum
477 1154 564 1214 quam
578 1137 700 1195 minime
714 1134 850 1195 herbosis
864 1135 938 1195 loeis
957 1137 1057 1195 serito.
1094 1134 1251 1216 siliginem,
1275 1141 1327 1198 tri-

181 1247 273 1304 ticum
288 1246 319 1304 in
333 1242 398 1303 loco
413 1249 515 1320 aperto
530 1240 618 1319 celso,
634 1241 686 1301 uhi
701 1241 744 1301 sol
760 1259 847 1320 quam
861 1241 1028 1301 diutissime
1043 1244 1109 1322 siet,
1123 1245 1184 1302 seri
1198 1252 1327 1322 oportet.

179 1351 283 1411 lentim
306 1352 336 1410 in
351 1348 475 1409 rudecto
499 1356 530 1407 et
553 1347 708 1407 rubricoso
731 1347 810 1428 loco,
829 1350 881 1427 qui
899 1347 1046 1408 herbosus
1060 1367 1120 1409 non
1134 1351 1201 1430 siet,
1224 1353 1327 1411 serito.

50 1438 53 1444 Δ
141 1451 338 1538 2hordeum,
371 1458 421 1535 qui
449 1454 533 1515 locus
561 1473 656 1515 novus
685 1456 743 1514 erit
770 1463 822 1515 aut
849 1457 901 1534 qui
933 1455 1075 1516 restibilis
1107 1457 1173 1516 lieri
1205 1460 1327 1539 poterit,
1343 1465 1366 1506 1⁰

179 1567 279 1650 serito.
320 1565 516 1642 trimestrem,
544 1579 603 1640 quo
631 1564 661 1621 in
690 1560 755 1621 loco
784 1564 939 1621 sementim
967 1570 1114 1623 maturam
1142 1565 1240 1624 lacere
1265 1582 1327 1624 non

178 1671 312 1751 potueris
331 1677 361 1729 et
380 1670 431 1747 qui
445 1666 528 1728 locus
542 1666 685 1727 restibiIis
699 1667 895 1728 crassitudine
910 1668 976 1727 lieri
989 1671 1107 1751 poterit,
1122 1673 1184 1730 seri
1197 1680 1327 1748 oportet.

177 1780 311 1856 rapinam
334 1784 365 1837 et
387 1776 467 1837 coles
496 1777 600 1854 rapIcii
631 1774 709 1839 unde
732 1776 804 1836 liant
827 1783 857 1835 et
880 1774 1046 1854 raphanum
1069 1779 1100 1837 in
1123 1776 1188 1837 loco
1213 1786 1327 1840 sterco-

177 1894 242 1946 rato
265 1885 341 1945 hene
364 1894 415 1945 aut
438 1886 469 1944 in
492 1883 557 1943 loco
576 1901 677 1943 crasso
701 1885 801 1943 serito.
1264 1874 1267 1879 ’

0 2020 4 2029 ’
48 1987 160 2046 XXXVI
267 1991 347 2062 Quae
363 2000 492 2071 segetem
507 1998 682 2052 stercorent,
724 1997 841 2051 stercus
859 1989 1062 2051 columbinum
1082 2011 1221 2072 spargere
1236 2013 1327 2072 opor·
1343 2009 1366 2049 15

115 2178 118 2182 λ
176 2108 219 2161 tet
241 2102 273 2159 iu
296 2107 414 2178 pratum
438 2098 483 2157 vel
507 2101 538 2157 in
561 2097 682 2157 hortum
705 2097 750 2155 vel
773 2099 805 2156 in
824 2105 963 2175 segetem.
1000 2101 1169 2179 caprinum,
1193 2100 1326 2182 ovillum,

176 2206 330 2286 bubulum,
353 2208 424 2265 item
444 2212 576 2265 ceterum
601 2211 718 2263 stercus
732 2220 819 2262 omne
834 2203 937 2263 sedulo
952 2214 1134 2266 conservato.
1171 2226 1326 2269 amurcam

177 2331 297 2390 spargas
320 2311 366 2371 vel
385 2315 496 2390 inriges
515 2312 551 2371 ad
571 2310 706 2370 arbores:
730 2311 843 2370 circum
862 2312 958 2389 capita
971 2314 1082 2372 maiora
1097 2314 1264 2396 amphoras,
1288 2318 1325 2377 ad

150 2414 157 2423 ’
176 2422 290 2479 minora
313 2438 404 2479 urnas
419 2438 487 2480 cum
502 2436 595 2498 aquae
610 2416 733 2476 dimidio
756 2416 869 2498 addito,
893 2417 1067 2498 ablaqueato
1081 2423 1166 2498 prius
1180 2439 1241 2481 non
1256 2423 1324 2484 alte.

33 2520 157 2580 XXXVII
264 2524 345 2595 Quae
369 2526 444 2586 mala
467 2528 498 2586 in
522 2532 622 2603 segete
641 2525 710 2584 sint.
746 2526 774 2583 si
787 2525 931 2585 cariosam
946 2532 1056 2585 terram
1076 2531 1193 2586 tractes.
1231 2510 1323 2612 cicer,
1337 2541 1363 2581 ¹⁰

248 2704 261 2750 1
281 2699 385 2752 terram
404 2714 472 2752 cave
490 2714 511 2752 c.
532 2702 557 2751 5.
576 2700 613 2752 37
663 2701 696 2749 17
715 2712 856 2751 amurcam
875 2713 991 2766 spargas
1009 2713 1031 2751 c.
1046 2701 1082 2752 93
1111 2697 1187 2752 Plio.
1202 2703 1249 2766 17,
1262 2704 1323 2757 263

247 2793 281 2841 20
301 2786 325 2841 si
343 2786 478 2841 cariosam
497 2803 519 2841 c.
539 2791 565 2842 5.
582 2789 620 2841 34
691 2784 763 2839 cicer
780 2784 856 2841 Plio.
875 2789 920 2852 17,
939 2791 975 2841 55
983 2802 1021 2856 oq.

246 2936 260 2982 1
279 2928 490 2999 p'osteremum‚
508 2930 556 2984 ced
573 2928 657 2983 deleto
671 2928 767 2997 priore
785 2944 801 2982 e
819 2927 847 2982 A
868 2943 895 2966 '·

246 3025 259 3074 1
279 3019 312 3073 R.
331 3017 488 3074 XXXVIIII
507 3019 548 3073 De
567 3034 634 3088 agro
653 3017 796 3072 rubricoso
816 3018 910 3085 PAb‚
933 3018 993 3071 eine
1014 3018 1126 3073 rubrica
1149 3023 1174 3072 et
1192 3021 1259 3074 novt
1277 3038 1322 3076 ea·

168 3109 239 3178 pitto
257 3109 395 3163 indiciue
472 3105 647 3162 imaterina
664 3105 721 3158 PR
740 3092 862 3159 matrina
880 3107 906 3158 A
926 3105 1081 3160 atterinao
1157 3107 1226 3161 item
1246 3126 1322 3177 quae

179 3197 223 3250 Vb
243 3197 344 3264 itemq3
363 3196 410 3250 Ae
482 3203 498 3250 3
517 3195 622 3249 bonum
640 3193 689 3246 liet
701 3192 762 3245 AR
773 3192 854 3258 Vict,
872 3192 977 3247 honum
996 3194 1050 3248 siet
1074 3194 1100 3247 V
1168 3200 1185 3247 4
1205 3197 1234 3250 et
1252 3214 1323 3266 ager

174 3284 223 3351 qui
242 3300 363 3352 aquosus
386 3284 443 3338 VR
461 3286 490 3337 et
507 3297 592 3350 agero
611 3279 660 3347 qui
678 3296 800 3348 aquosus
819 3282 846 3333 A
873 3283 902 3334 et
920 3299 987 3351 agro
1006 3283 1055 3350 qui
1073 3300 1195 3353 aquosus
1214 3285 1322 3343 luem.

173 3373 225 3426 ἀπε
297 3373 450 3427 therhoso
468 3372 506 3425 bo
525 3367 625 3422 erbosa
642 3367 721 3422 PAc
794 3368 883 3423 unbra
900 3368 928 3422 A

244 3469 260 3517 6
279 3461 312 3518 n.
331 3461 379 3515 XL
403 3461 446 3515 De
468 3457 535 3512 faba
556 3458 586 3511 et
603 3456 677 3512 nicia
695 3457 806 3528 siligine
829 3459 935 3514 hordeo
959 3460 1053 3527 (ordeo
1071 3462 1099 3530 h)
1123 3460 1172 3515 ubi
1191 3467 1322 3520 serantur

173 3552 251 3606 APh
276 3550 343 3617 Quis
365 3549 435 3604 locis
456 3546 523 3601 faba
546 3546 628 3617 siligo
656 3550 685 3602 et
712 3548 849 3602 hordeum
872 3549 928 3603 seri
950 3548 1089 3604 debeato
1210 3551 1242 3605 in
1260 3556 1320 3610 solo

173 3639 268 3695 valido
291 3639 399 3704 fabam,
422 3635 523 3690 viciam
547 3651 613 3690 vero
637 3652 722 3705 quam
740 3636 855 3692 minime
874 3638 904 3691 in
921 3655 1026 3707 aquoso
1044 3639 1233 3709 herbidoque,
1260 3643 1320 3698 sili-

173 3729 268 3797 ginem
287 3729 317 3781 et
334 3725 459 3780 trilicem
476 3723 506 3779 in
525 3724 587 3780 loco
606 3727 704 3794 aperto
725 3725 840 3781 Pticr'oe
857 3732 903 3794 18,
921 3732 976 3782 164
1051 3728 1154 3782 niciam
1174 3730 1203 3783 et
1220 3730 1320 3787 fenum

172 3816 200 3870 A
229 3815 331 3870 uiciam
358 3817 388 3870 et
409 3815 539 3889 fpnumh
567 3813 667 3870 uitium
690 3815 720 3869 et
737 3814 849 3870 foenum
873 3815 916 3872 Vc
1005 3816 1180 3872 8diutisime
1199 3819 1228 3872 A

174 3909 205 3956 11
225 3903 365 3958 trimestre
386 3903 500 3959 Plinius

245 3999 278 4048 15
301 3993 334 4050 R.
353 3993 416 4048 XLI
439 3994 498 4061 Que
523 3995 647 4063 segetem
670 3995 824 4050 stercorent
841 3994 924 4049 APh
948 3995 1028 4060 Quod
1047 3996 1153 4050 stercus
1171 4001 1318 4065 praesten-

171 4082 228 4138 tins
246 4085 282 4138 ad
302 4085 460 4152 segetemo
537 4084 691 4138 stercorent
709 4100 723 4138 c
742 4084 896 4138 stercorant
920 4083 1020 4150 VAbf
1102 4091 1134 4139 16
1153 4085 1269 4140 hortum
1294 4089 1322 4142 V

172 4176 263 4228 ortum
282 4172 342 4227 AR
416 4178 447 4226 17
468 4173 610 4226 caeterum
634 4172 660 4225 V
729 4189 871 4227 amurcam
888 4191 904 4227 o
923 4190 1037 4228 amurca
1056 4173 1147 4227 PAR
1220 4182 1254 4230 18
1275 4177 1317 4232 in·

171 4261 246 4328 riges
264 4260 293 4313 R
310 4259 410 4329 irriges
435 4260 461 4313 V
475 4260 563 4331 iuges,
582 4262 629 4317 scd
646 4278 676 4315 es
695 4262 726 4315 ire
743 4278 845 4316 rasura
863 4263 890 4315 A
962 4265 1101 4332 anphoras
1119 4265 1147 4316 A

242 4353 277 4401 20
291 4347 324 4403 R.
343 4346 420 4401 XLII
439 4346 517 4413 Quae
535 4349 658 4404 malain
677 4352 772 4419 segete
791 4353 856 4406 sunt
869 4352 896 4404 A
916 4350 993 4416 Quae
1013 4351 1087 4406 mala
1104 4351 1133 4405 in
1148 4354 1245 4421 segete
1261 4356 1319 4410 sint

177 4434 221 4491 Vh
271 4439 272 4442 ’
319 4437 423 4493 tractes
449 4437 600 4508 Victorius,
626 4438 728 4495 tractes
746 4437 812 4510 Pcf
825 4444 850 4495 et
873 4441 975 4496 codices
998 4441 1122 4508 Victorii
1155 4441 1271 4498 traicias
1290 4446 1317 4502 b.
