3000 5026
444 336 601 392 CATONIS
620 336 667 390 DE
686 335 775 391 AGRI
794 335 964 390 svamm

229 505 342 566 CXLVI
365 505 486 565 Vineam
509 505 690 583 redemptori
714 506 855 582 partiario
878 514 910 563 ut
933 503 988 563 des

230 612 355 673 CXLVII
378 611 414 672 VI
438 612 529 671 beses
552 613 636 671 Ieriis
659 614 782 688 iungere
805 611 862 670 libi
883 611 969 670 liceat

229 719 368 780 exemi
391 719 486 789 Quem
510 720 546 778 ad
570 720 690 779 modum
712 719 815 779 lucum
837 719 995 779 conlucare
1017 720 1127 780 debeas

229 825 382 887 CXLI'IIII
406 825 439 886 Si
462 827 563 886 chere
587 827 667 886 soles
690 825 783 886 altere
805 825 937 905 piaculo,
960 826 1032 905 quid
1056 829 1153 888 Iacere
1176 827 1286 888 debeas

229 933 276 994 CL
300 933 332 993 Si
355 952 459 1012 agrum
482 933 610 993 lustrare
633 936 691 1012 ris,
714 933 786 1012 quid
810 934 908 993 Iacere
930 933 1039 993 debeas
1312 944 1326 983 ⁵

229 1040 290 1102 CLI
314 1040 399 1100 I'IIIci
421 1040 519 1099 officia

229 1147 303 1208 CLII
327 1146 435 1206 I'iIIcae
458 1147 555 1206 officia

229 1254 316 1315 CLIII
341 1254 401 1313 Lex
424 1253 506 1313 oleae
529 1253 675 1332 legendae

229 1346 332 1423 CLIIII
353 1362 416 1422 Lex
439 1362 521 1421 oleae
544 1361 699 1420 faciundae

229 1468 301 1529 CLV
325 1469 384 1529 Lex
407 1468 488 1528 oleae
511 1468 669 1547 pendenliS

228 1576 313 1637 CLVI
336 1576 396 1636 Lex
421 1578 482 1635 sini
503 1576 662 1655 pendentis

229 1683 328 1744 CLVII
353 1683 413 1742 Lex
437 1684 506 1742 risso
528 1685 559 1741 in
583 1681 671 1742 chIIs

229 1791 342 1853 CLVIII
367 1790 426 1850 Lex
450 1789 558 1870 pabulo
580 1790 705 1850 locande

229 1897 354 1960 CLVIIII
378 1897 420 1957 Ile
444 1897 593 1957 fructibus
616 1901 716 1958 crium
739 1900 905 1959 vendundis

229 2006 304 2067 CLX
328 2007 510 2083 Cupressum
534 2024 594 2083 que
618 2005 706 2065 modc
729 2025 812 2066 seras

229 2113 317 2173 CLXI
341 2113 383 2172 Ile
407 2115 507 2190 scopis
530 2115 638 2190 virgeis

229 2220 331 2281 CLXII
355 2220 397 2280 Dc
420 2223 488 2279 ano
512 2220 625 2279 faecato

229 2325 344 2387 CLXIII
368 2327 474 2387 Vinum
499 2325 684 2404 emptoribus
708 2343 767 2404 quo
791 2326 879 2384 modo
905 2328 1038 2385 metiaris

229 2432 359 2494 CLXIIII
381 2433 440 2493 Per
461 2433 589 2492 hiemem
613 2450 720 2510 aquam
743 2432 779 2491 de
803 2450 873 2510 agro
897 2432 1045 2511 depellere

229 2540 329 2601 CLXV
351 2540 487 2600 Brassica
511 2547 584 2618 quot
606 2538 821 2599 meditamenta
843 2543 875 2598 in
899 2558 931 2599 se
954 2539 1061 2599 habeat

229 2647 342 2707 CLXVI
365 2647 469 2707 Alsum
493 2650 520 2707 si
543 2647 622 2706 soles
646 2647 777 2728 deicere,
801 2646 872 2725 quid
897 2646 993 2706 lacere
1017 2646 1126 2706 debeas

230 2754 358 2814 CLXVII
380 2755 577 2834 InterIrIg'mi,
602 2757 629 2813 si
651 2756 697 2814 ria
719 2754 790 2833 ibis,
814 2753 979 2813 remedium

231 2860 372 2921 CLXVIII
395 2861 511 2922 Luxum
535 2868 731 2922 mercantes

232 2968 387 3029 CLXVIIII
409 2969 577 3048 Asparagus
602 2988 661 3047 quo
684 2968 772 3029 modo
796 2978 915 3029 seratur

229 3075 332 3137 CLXX
355 3077 397 3137 De
421 3077 534 3176 salama
558 3075 662 3136 ofellae
685 3077 860 3154 puteolanae

211 3235 227 3282 3
251 3229 398 3284 conlucare
420 3228 478 3283 PA
500 3228 641 3296 collucere
664 3243 679 3280 c
701 3227 874 3281 collucarev
965 3234 981 3282 5
1000 3229 1118 3284 lustrare
1140 3230 1183 3284 uis
1207 3231 1286 3299 Viae,

140 3317 302 3372 lustraueris
324 3315 401 3372 VAe
472 3323 488 3370 7
505 3315 576 3369 CLII
595 3313 697 3369 Villice
717 3315 810 3370 officIa
825 3320 920 3384 postea
937 3319 1029 3372 eadem
1046 3336 1145 3387 emoza,
1164 3324 1196 3373 at
1213 3321 1286 3375 vide-

140 3411 201 3471 tur,
219 3406 346 3460 addicam
363 3411 402 3460 est
419 3407 451 3459 ia
469 3404 510 3468 A,
533 3402 642 3457 Vilicae
661 3404 754 3458 officia
776 3404 857 3474 Vra,
876 3404 996 3460 Villicae
1014 3406 1106 3460 officia
1124 3424 1154 3475 v,
1172 3408 1288 3463 Inducta

140 3495 166 3549 V
185 3497 276 3551 littera
294 3495 419 3549 delevisse
432 3494 540 3546 videtur
553 3492 587 3560 P,
605 3509 655 3547 om.
675 3511 690 3548 c
762 3500 779 3548 8
798 3495 936 3564 legendae
951 3496 1030 3550 PAc
1053 3496 1188 3564 legendae
1207 3513 1223 3550 v

141 3591 156 3639 9
171 3583 320 3638 faciundae
336 3582 393 3637 VA
408 3580 526 3636 fecunde
541 3598 556 3635 e
616 3588 649 3635 14
663 3583 705 3637 De
718 3583 855 3638 fructibus
870 3583 964 3638 ouium
979 3584 1134 3638 uendundis
1149 3585 1197 3640 Ac
1207 3585 1286 3655 Vim,

140 3674 182 3730 De
205 3672 342 3727 fructibus
365 3671 461 3726 ouium
485 3688 539 3739 qua
556 3671 620 3741 lege
639 3672 758 3727 uenierit
778 3673 806 3726 P
827 3674 943 3728 Fructus
963 3674 1058 3727 ouium
1077 3692 1131 3742 qua
1153 3674 1217 3745 lege
1240 3694 1289 3731 ue-

140 3762 225 3817 aierit
238 3780 254 3815 v
335 3767 368 3815 18
383 3761 522 3830 quomodo
537 3761 661 3816 metiaris
678 3763 706 3815 P
722 3763 862 3830 quomodo
878 3763 1069 3818 admetiarisv
1088 3764 1143 3832 qud
1158 3765 1289 3819 meciaris

141 3868 155 3905 c
178 3850 318 3920 quemodo
340 3851 502 3906 admetiaris
527 3851 587 3918 Quo
607 3857 651 3904 mc
671 3851 795 3906 metiaris
814 3851 876 3918 XU,
901 3855 948 3907 sed
966 3852 1105 3920 quomodo
1125 3853 1288 3910 admetiaris

140 3941 172 3994 ia
194 3955 295 3996 rasura
317 3941 428 4010 scriptia
450 3946 475 3996 et
494 3941 602 4007 Quome
626 3939 750 3994 metiaris
769 3940 819 3994 XU
838 3941 930 3995 deletis
948 3940 976 3993 A
1066 3948 1099 3995 19
1118 3941 1241 3997 hiemem
1260 3945 1287 3996 A

140 4029 270 4095 hyemem
294 4030 337 4085 Vc
427 4036 461 4086 20
480 4031 607 4085 Brassica
629 4031 704 4099 quod
722 4033 759 4099 (qa
778 4048 845 4085 corr.
865 4031 899 4102 qi
921 4037 952 4084 at
974 4032 1082 4084 videtur
1105 4030 1142 4099 A)
1166 4033 1287 4088 medica·

140 4121 236 4175 menta
258 4119 288 4174 in
311 4137 340 4175 se
359 4121 464 4175 habeat
489 4120 546 4174 PA
569 4119 696 4174 Brassica
719 4121 795 4186 quod
819 4121 1052 4174 medicamentum
1075 4119 1104 4173 in
1128 4137 1157 4173 se
1182 4121 1289 4177 habeat

140 4224 222 4276 super
240 4209 340 4263 liaeam
359 4211 422 4264 add.
442 4226 468 4277 c,
488 4208 694 4263 Medicamenta
711 4208 853 4264 brassIcae
871 4226 896 4264 v.
927 4211 1049 4278 sequitur
1062 4211 1128 4264 novi
1140 4211 1218 4265 titali
1231 4212 1288 4266 loco

142 4295 216 4361 Quot
239 4295 376 4351 brassicae
400 4313 503 4365 genera
526 4300 555 4352 el
573 4315 646 4366 quae
665 4299 765 4351 natura
789 4299 821 4365 V,
844 4314 894 4352 cm.
913 4297 1038 4353 AcVict.
1115 4305 1161 4352 ·21
1183 4294 1289 4354 Aluum

142 4383 166 4438 si
189 4383 266 4437 uoles
290 4382 409 4439 delicere
432 4385 499 4453 quid
523 4386 614 4441 Iacere
638 4386 740 4440 debeas
767 4386 844 4442 PAc
867 4387 969 4442 Aluum
993 4387 1111 4442 deiicere
1130 4388 1184 4441 hoc
1204 4389 1288 4444 modo

142 4473 287 4541 oporlctv
530 4464 539 4483 ⁹
