3000 5026
229 318 292 382 152
717 320 903 375 VARRONIS

226 485 469 564 praecipiendum
501 487 570 567 fuit,
602 488 708 565 nequis
736 488 851 547 iniussn
880 486 959 546 vilici
987 488 1105 566 exierit,
1138 503 1235 563 neque
1265 483 1369 545 vilicus

226 594 342 653 iniussu
370 592 480 653 domini
507 593 639 675 longius,
671 612 759 673 quam
787 601 821 654 ut
848 594 953 654 eodem
980 594 1028 654 die
1054 593 1179 674 rediret,
1213 609 1311 670 neque
1338 592 1369 651 id

201 697 381 778 6crebrius,
416 718 503 778 quam
541 719 616 779 opus
650 708 729 760 esset
761 701 861 762 fundo.
917 700 1050 779 [quarto]
1084 701 1210 761 eundem
1244 699 1370 760 fundum

225 806 455 866 fructuosiorem
488 808 600 868 faciunt
627 816 779 889 vecturae,
812 810 838 867 si
870 809 932 867 viae
961 815 1043 889 sunt,
1077 827 1135 887 qua
1162 805 1296 886 plaustra
1323 807 1371 885 agi

225 912 309 973 facile
328 915 452 995 possint,
476 923 527 974 aut
545 914 666 975 flumina
685 917 861 995 propinqua,
885 934 942 993 qua
961 917 1091 993 navigari
1109 914 1213 993 possit.
1261 912 1371 993 quibus
1396 921 1409 962 ὅ

224 1022 361 1098 utrisque
398 1021 489 1082 rebus
526 1022 611 1082 evehi
647 1029 735 1101 atque
772 1023 870 1083 invehi
903 1023 937 1083 ad
972 1022 1063 1082 muita
1095 1021 1216 1101 praedia
1249 1022 1371 1081 scimus

225 1128 318 1188 refert
345 1131 433 1189 etiam
462 1129 497 1189 ad
529 1130 611 1190 fundi
634 1130 763 1211 fructus,
791 1148 880 1208 quem
904 1129 940 1189 ad
964 1130 1083 1189 modum
1106 1130 1223 1189 vicinus
1246 1129 1279 1188 in
1302 1146 1372 1188 con-

225 1236 295 1295 tinio
325 1238 473 1297 consitum
502 1255 606 1314 agrum
633 1236 747 1297 hebeat.
794 1239 832 1304 si
847 1238 925 1296 enim
954 1236 989 1295 ad
1017 1235 1141 1297 limitem
1169 1242 1373 1315 querquetum

224 1342 322 1424 habet,
345 1362 404 1404 non
428 1345 526 1422 possis
549 1351 631 1404 recte
655 1344 818 1404 secuudum
838 1361 902 1402 eam
922 1344 1023 1404 silvam
1043 1361 1144 1403 serere
1163 1342 1269 1422 oleam,
1292 1343 1373 1422 quod

225 1468 320 1529 usque
354 1469 388 1510 eo
417 1458 463 1511 est
491 1453 674 1511 contrarium
702 1458 819 1533 natura,
848 1458 881 1511 ut
909 1449 1031 1510 arbores
1059 1468 1118 1510 non
1146 1449 1243 1510 solum
1272 1452 1411 1510 minusro

225 1558 335 1638 ferant,
364 1558 415 1617 sed
444 1560 532 1619 etiam
555 1559 684 1639 fugiant,
712 1565 745 1618 ut
768 1560 933 1619 introrsum
956 1560 987 1617 in
1011 1557 1135 1617 fundum
1159 1576 1192 1617 se
1214 1556 1375 1636 reclinent,

227 1672 259 1724 ut
282 1666 350 1725 vitis
374 1666 467 1726 adsita
490 1665 526 1725 ad
549 1664 636 1726 holus
660 1665 757 1725 facere
781 1663 863 1726 solet.
909 1672 943 1725 ut
967 1682 1104 1744 quercuS,
1128 1666 1171 1725 sic
1194 1662 1374 1742 iugulandes

226 1790 348 1849 magnae
373 1779 402 1831 et
426 1772 547 1833 crebrae
571 1773 713 1833 finitimae
737 1773 822 1832 fundi
845 1790 926 1832 oram
951 1771 1062 1832 faciunt
1086 1771 1227 1831 sterilem.

138 1873 215 1934 xvu
314 1878 356 1938 De
388 1880 473 1940 fundi
505 1887 645 1959 quattuor
677 1879 825 1960 partibus,
863 1897 937 1956 quae
970 1897 1038 1938 cum
1070 1877 1132 1938 solo
1165 1875 1307 1956 haerent,
1345 1883 1375 1936 et

224 1984 326 2046 alteris
346 1993 495 2069 quattuor,
516 2006 590 2065 quae
609 1995 692 2048 extra
711 1986 835 2047 fundum
855 1993 925 2046 sunt
944 1985 1028 2046 etad
1048 1984 1196 2045 culturam
1209 1985 1375 2065 pertinent,
1387 1999 1411 2040 ro

224 2092 293 2153 dixi.
344 2112 424 2154 nunc
457 2094 567 2176 dicam,
600 2097 664 2174 agri
693 2093 801 2173 quibus
829 2092 920 2153 rebus
948 2093 1090 2153 colantur.
1142 2109 1216 2169 quas
1245 2110 1296 2152 res
1325 2091 1375 2152 alii

223 2200 359 2260 dividunt
382 2202 413 2261 in
436 2200 510 2261 duas
532 2210 641 2282 parteS,
665 2204 696 2260 in
718 2201 853 2260 homines
872 2209 903 2260 et
920 2197 1098 2259 adminicula
1117 2198 1283 2280 homiuum,
1308 2201 1374 2260 siue

225 2305 334 2384 quibus
359 2306 450 2367 rebus
473 2307 572 2368 colere
595 2327 654 2367 non
678 2315 817 2388 possunt3
841 2307 890 2366 aiii
912 2308 1024 2366 intres
1045 2313 1154 2385 partes,
1177 2307 1375 2368 instrumenti

224 2431 318 2491 genus
341 2414 440 2474 vocale
465 2422 495 2475 et
518 2415 692 2475 semivocafe
716 2422 746 2474 et
769 2422 894 2498 mutum,
918 2414 1025 2493 vocale,
1049 2414 1161 2491 inquo
1186 2421 1260 2474 sunt
1283 2414 1375 2495 servi,

225 2508 414 2601 semivocafe,
448 2523 479 2581 in
508 2539 566 2599 quo
595 2530 665 2582 sunt
692 2521 796 2601 beree,
827 2529 955 2600 mutum,
983 2523 1014 2580 in
1042 2538 1101 2599 quo
1130 2527 1201 2580 sunt
1228 2519 1373 2598 plaustra.
1387 2533 1411 2575 so

224 2645 327 2687 omnes
357 2630 421 2706 agri
449 2627 587 2689 coluntur
614 2627 782 2690 hominibus
810 2630 904 2688 servis
932 2634 983 2687 aut
1009 2625 1111 2686 liberis
1139 2635 1190 2688 aut
1218 2628 1374 2708 utrisque:

224 2733 339 2816 liberis,
373 2742 424 2796 aut
457 2753 524 2795 cum
558 2736 615 2813 ipsi
648 2735 762 2817 colunt,
795 2745 828 2796 ut
855 2735 989 2814 plerique
1017 2732 1192 2812 pauperculi
1219 2753 1292 2796 cum
1321 2753 1374 2797 sua

223 2844 374 2922 progenie,
397 2850 449 2903 aut
471 2844 694 2924 mercennariis,
717 2862 786 2903 cum
805 2844 1000 2904 conducticiis
1019 2840 1182 2901 liberorum
1201 2842 1306 2920 operis
1324 2861 1374 2902 res

223 2949 363 3029 maiores,
400 2958 433 3009 ut
465 2949 627 3010 vindemies
659 2969 693 3011 ae
726 2947 891 3031 faenisicia,
923 2949 1144 3029 administrant,
1180 2949 1262 3028 iique
1297 2967 1373 3029 quos

222 3141 436 3150 *—

295 3277 434 3333 irediret
451 3280 508 3333 PB
527 3280 716 3336 redissetAm
734 3279 881 3334 redierito
954 3283 1073 3348 datque
1091 3279 1187 3334 inuehi
1205 3296 1256 3337 om.
1271 3281 1302 3336 A
1350 3348 1353 3354 Ι

223 3371 240 3419 8
270 3371 454 3435 querquetum
475 3369 565 3424 PAB
588 3371 784 3438 quercetnmo
857 3374 889 3422 11
917 3369 1065 3422 introrsum
1092 3369 1149 3424 VB
1171 3368 1325 3426 introrsum
1343 3372 1369 3425 A

223 3470 291 3508 corr.
315 3455 466 3512 introrsum
485 3457 526 3512 A2
600 3464 631 3512 12
655 3457 781 3513 adsitne
805 3447 1022 3514 adsista'PAB
1095 3459 1131 3513 od
1148 3457 1231 3515 holus
1250 3459 1313 3514 AB
1334 3460 1370 3515 ed

224 3542 285 3596 olus
312 3542 339 3596 V
425 3544 476 3598 ‘Vt
502 3562 634 3614 quercus,
662 3547 702 3601 sic
728 3546 888 3616 iuglandes,
916 3546 968 3601 etc.
1012 3547 1062 3600 Ito
1088 3563 1121 3602 eac
1147 3548 1258 3617 inuenio
1286 3567 1368 3605 emen

224 3631 305 3696 dani,
337 3648 414 3701 spero
445 3649 512 3689 sane
543 3636 748 3705 contignationem
779 3637 850 3692 tanc
881 3635 1011 3701 doctioris
1041 3637 1113 3691 uiris
1142 3638 1292 3706 probatum
1322 3639 1368 3708 iri,

223 3721 301 3774 notui
318 3725 409 3776 tamen
427 3723 560 3791 nundum
577 3725 715 3793 licentiae,
734 3741 786 3794 qno
804 3742 871 3780 nens
888 3726 1003 3795 fueram,
1022 3726 1143 3794 conire:
1161 3725 1237 3782 Nam
1250 3728 1285 3783 in
1298 3728 1368 3784 coti·

224 3809 362 3878 quissimo,
381 3817 406 3866 et
423 3812 524 3881 optimo
539 3813 608 3868 fibro
621 3814 799 3885 Ingulendes‚
817 3816 950 3883 scriptum
963 3815 1118 3886 adamnani,
1136 3820 1168 3870 ut
1181 3817 1214 3870 in
1226 3817 1277 3872 cilo
1290 3819 1368 3874 oue

224 3897 281 3952 loeo
300 3898 331 3952 in
349 3900 438 3955 eodem
455 3901 504 3956 hoc
527 3903 596 3957 libro
614 3903 706 3975 [673]
742 3905 833 3958 Nuces
851 3903 1015 3972 imputandos
1033 3905 1065 3958 in
1082 3905 1197 3960 iterenu'
1230 3905 1368 3964 Victorius

295 4004 413 4056 quercus
440 3990 495 4045 VB
523 4008 661 4060 querquus
685 3991 713 4047 A
784 3991 808 4045 si
830 3991 996 4062 iugulandes
1021 3994 1079 4047 PA
1102 3990 1126 4046 si
1149 3992 1300 4063 iuglandes
1323 3997 1368 4053 Bo

296 4118 329 4166 15
348 4114 397 4183 qni
414 4118 494 4170 extre
511 4117 540 4171 A
557 4133 626 4172 corr.
646 4133 699 4185 que
718 4117 797 4172 extre
810 4116 851 4173 A’
924 4123 956 4172 1‘1
975 4085 1309 4190 homines⁰²adminiculs
1328 4118 1368 4177 aei

224 4204 253 4255 et
269 4207 483 4273 superscriptum
501 4211 533 4259 ut
550 4207 658 4262 uidetur
676 4205 718 4258 ΑΙ
790 4212 823 4260 19
841 4205 952 4277 inquo]
968 4205 1302 4276 sinquoprimolocoB

224 4293 257 4341 21
278 4307 373 4345 omnes
388 4292 449 4360 agri
467 4294 527 4347 AB
549 4312 644 4353 omnes
662 4294 684 4348 ii
703 4294 764 4365 egri
786 4295 813 4350 V
880 4300 914 4349 22
934 4295 967 4350 nt
984 4294 1135 4368 plerisque,
1152 4297 1199 4352 sed
1218 4313 1232 4349 s
1249 4313 1371 4370 expuere·

224 4381 282 4430 tuni
300 4383 332 4431 ut
348 4380 456 4435 uidetur
471 4381 513 4436 A'
585 4391 619 4439 23
637 4383 834 4439 mercennariis
848 4384 876 4439 B
894 4385 1073 4441 mercenariis
1092 4385 1149 4442 VA
1221 4391 1257 4441 24
1277 4388 1372 4447 fenici-

225 4466 269 4523 cia
286 4468 314 4522 A
334 4467 480 4524 foenisicie
503 4471 560 4528 VB
631 4472 921 4543 inquamnondum
