3000 5026
204 329 267 392 104
694 327 850 383 CATONIS

200 495 301 556 sellam
330 498 489 576 supponito
517 503 677 575 pertusam.
720 513 755 554 eo
782 493 890 555 mulier
918 493 1045 575 adsidat,
1073 496 1203 575 operito,
1231 496 1347 556 circum

201 605 377 664 vestimenta
401 623 467 664 eam
490 603 567 663 dato.

140 714 179 769 12
288 709 424 772 Brassica
448 712 574 771 erratica
598 710 753 769 maximam
778 710 835 768 vim
859 706 955 769 babet.
998 726 1060 768 eam
1080 708 1211 769 arlacere
1232 717 1263 769 et
1278 729 1346 771 con-

201 823 298 876 terere
323 826 441 896 oportet
468 818 543 878 bene
567 819 718 877 minutam.
761 817 876 894 siquem
907 833 1035 894 purgare
1059 814 1153 901 aplos,
1182 816 1280 894 pridie
1310 837 1347 878 ne

200 931 299 1005 cenet,
322 942 408 984 mane
427 927 526 985 ieiuno
547 924 614 984 dato
629 923 791 983 brassicam
805 924 913 1000 tritam,
938 940 1031 1000 aquae
1046 929 1146 1000 cyatos
1165 937 1227 983 1111.
1266 924 1375 985 nullst

199 1049 248 1090 res
274 1038 333 1091 tam
361 1030 436 1091 bene
464 1029 617 1151 purgabit,
646 1047 743 1107 neque
773 1027 935 1089 elleborum
964 1046 1062 1106 neque
1090 1031 1287 1111 scamonium,
1319 1039 1349 1091 et

140 1139 179 1196 13
201 1139 265 1198 sine
287 1137 437 1217 periculo,
462 1144 491 1197 et
515 1114 589 1197 scito
560 1135 762 1197 tosalubrem
787 1153 852 1195 esse
868 1137 994 1214 corpori.
1037 1154 1111 1213 quos
1126 1135 1243 1196 diffidas
1259 1155 1349 1198 sanos

200 1245 355 1323 lacere,l
353 1246 439 1304 acies
482 1245 533 1322 qui
565 1243 620 1303 hac
652 1244 828 1322 purgatione
856 1248 1001 1320 purgatus
1029 1244 1099 1322 erit,
1128 1244 1171 1302 sic
1199 1261 1269 1303 eum
1298 1263 1349 1304 cu-

200 1359 273 1411 rato.
305 1349 468 1410 sorbitione
492 1349 603 1428 liquida
626 1349 683 1409 boc
705 1367 760 1428 per
780 1349 843 1409 dies
859 1355 1037 1427 septemt
988 1348 1064 1409 dato
1106 1347 1158 1409 ubi
1177 1367 1243 1410 esse
1260 1349 1348 1433 volet,

201 1476 320 1518 carnem
343 1475 439 1517 assam
464 1457 540 1516 dato
576 1457 610 1537 si
631 1474 696 1534 esse
720 1474 779 1516 non
803 1455 893 1543 volet,
917 1455 1001 1538 dato
1004 1454 1166 1516 brassicam
1181 1464 1297 1539 coctam
1317 1466 1347 1519 et
1362 1474 1391 1512 1

200 1583 319 1644 panem,
344 1572 373 1624 et
396 1563 478 1624 bibat
501 1566 601 1623 vinum
625 1563 691 1624 lene
716 1525 864 1643 dilutum,
880 1503 956 1623 lavet
944 1570 1100 1643 turaro,
1080 1571 1182 1624 utatur
1196 1566 1348 1626 tructione.

201 1673 253 1750 qui
284 1673 326 1731 sic
362 1680 506 1750 purgatus
539 1671 756 1752 erit,dru1na
788 1670 954 1731 valetudine
987 1678 1103 1751 utetur,
1130 1689 1234 1750 neque
1268 1671 1348 1734 ullus

200 1777 322 1838 morbus
347 1779 444 1838 veniet
467 1780 526 1838 nisi
549 1795 602 1837 sua
626 1776 721 1855 culpa.
762 1784 792 1837 et
816 1778 911 1856 siquis
929 1776 1015 1837 ulcus
1034 1784 1164 1837 taetrum
1178 1777 1225 1838 vel
1239 1797 1347 1840 recens

200 1884 333 1965 babebit,
357 1885 433 1944 hanc
457 1884 619 1945 brassicam
633 1886 791 1945 erraticam
805 1903 880 1962 aqua
896 1885 1039 1963 spargite,
1062 1886 1218 1963 opponite:
1242 1903 1347 1946 sanum

142 1991 182 2048 14
204 1993 301 2053 iacies
343 2001 373 2052 et
401 1995 426 2052 si
453 1991 552 2052 fistula
575 1993 646 2073 crit,
674 1992 835 2052 turundam
864 1993 941 2050 intro
970 1990 1091 2050 trudito
1133 1993 1159 2050 si
1184 1991 1347 2052 turundam
1363 2010 1393 2054 ιο

202 2084 260 2160 riou
285 2101 423 2197 recipiet,
446 2098 565 2180 diluito,
589 2099 714 2158 indito
707 2117 738 2158 m
761 2100 902 2178 vesicam,
926 2115 960 2156 co
981 2095 1125 2157 calamum
1149 2096 1283 2175 alligato:
1307 2093 1347 2159 ita

200 2209 341 2288 promito,
372 2209 403 2267 in
426 2205 554 2266 fistulam
578 2207 714 2266 introeat.
758 2222 791 2264 ea
820 2222 868 2264 res
897 2222 1001 2264 sanum
1030 2204 1119 2263 faciet
1142 2205 1209 2264 cito.
1257 2213 1288 2266 et
1310 2205 1349 2266 ad

201 2315 297 2371 omnia
323 2311 421 2372 ulcera
445 2319 545 2371 vetera
569 2318 607 2371 et
621 2329 695 2370 nova
710 2312 868 2371 contritam
883 2329 949 2370 cum
964 2308 1051 2370 melle
1066 2311 1216 2391 opponite,
1241 2329 1345 2374 sanum

141 2417 180 2473 15
201 2418 297 2478 saciet.
340 2426 369 2478 et
393 2421 418 2478 si
440 2416 566 2496 polypus
589 2418 620 2476 in
645 2435 715 2476 naso
739 2418 818 2476 intro
842 2418 913 2497 erit,
936 2417 1097 2477 brassicam
1117 2420 1274 2478 erraticam
1290 2421 1344 2479 ari·

200 2525 267 2585 dam
291 2526 391 2585 tritam
414 2528 446 2586 iu
470 2523 589 2585 malum
606 2525 734 2584 conicito
763 2532 793 2584 et
820 2524 855 2584 ad
882 2541 987 2584 nasum
1010 2523 1178 2605 admoveto,
1206 2526 1249 2586 ita
1277 2527 1374 2588 sub-u

201 2631 301 2691 ducito
325 2650 428 2692 susum
452 2635 579 2694 animam
603 2649 691 2712 quam
713 2629 876 2710 plurimum
898 2633 1024 2710 poteris:
1048 2633 1079 2691 in
1099 2631 1198 2692 triduo
1217 2632 1343 2714 polypus

271 2899 287 2946 3
305 2891 433 2948 Brassica
452 2894 572 2949 erratica
591 2893 665 2948 Ptin.
683 2896 730 2960 20,
748 2896 784 2949 92

290 3150 304 3196 1
325 3143 476 3212 supposito
498 3141 598 3208 VAbf
622 3141 805 3209 subponitoc
895 3160 928 3197 eo
946 3141 1047 3198 mulier
1064 3140 1124 3195 AR
1148 3159 1182 3197 ea
1199 3141 1302 3198 mulier
1324 3144 1350 3198 V

271 3232 382 3286 adsidui
401 3231 469 3298 Acf
483 3232 590 3284 assidat
602 3230 646 3283 Vb
719 3236 735 3282 3
754 3231 873 3285 erratica
891 3231 946 3286 VR
964 3231 1070 3286 erotica
1088 3232 1114 3285 A
1186 3235 1346 3287 conterrere

200 3319 228 3370 A
299 3320 404 3375 ⁴iberas
424 3319 572 3388 minutam]
592 3316 792 3388 belminutam
811 3312 869 3371 A'
911 3323 1026 3374 beonet
1044 3321 1092 3374 Ac
1110 3322 1192 3392 cenet
1210 3321 1226 3374 b
1246 3323 1347 3376 coenet

204 3408 230 3459 V
281 3410 397 3477 cyathos
410 3408 483 3475 VAf
498 3406 585 3460 ciatos
605 3407 642 3460 be
714 3405 903 3463 belleborum
916 3408 967 3462 Va
986 3408 1165 3464 elebornmA
1237 3426 1346 3466 scamo-

200 3497 278 3551 nium
288 3497 373 3551 PAR
391 3511 599 3550 scamoneumu
669 3496 834 3551 ‘ldifidasA
897 3502 913 3550 8
928 3500 1064 3566 purgatus
1075 3498 1168 3552 VAbc
1185 3499 1352 3569 purgatius

200 3585 361 3655 purgandus
371 3583 525 3638 Iucundos
544 3583 660 3648 fortuma
674 3587 842 3653 purgaturus
896 3585 995 3658 tdies]
1011 3587 1124 3642 diemA
1179 3593 1212 3641 10
1227 3603 1347 3643 assamo

201 3675 309 3727 asinam
328 3670 426 3725 PAR
465 3670 595 3740 Antiqui
613 3673 690 3740 libri,
710 3672 828 3727 Carnem
846 3674 950 3728 asinam
971 3674 1045 3744 dato,
1065 3677 1089 3730 si
1107 3693 1166 3730 esse
1184 3692 1240 3729 non
1260 3677 1345 3731 solet'

150 3797 155 3806 ·
204 3761 342 3814 Victorius
392 3775 448 3814 non
458 3759 629 3816 uoletonon
639 3762 709 3816 solet
721 3762 808 3816 PAR
858 3764 1051 3819 11unt1oneA
1102 3772 1135 3820 13
1145 3765 1248 3820 tetrum
1261 3765 1349 3820 VAR

278 3847 694 3974 1scurundamyul1lfdbuau
712 3906 835 3973 marpissa
855 3859 1001 3974 adscripsit
1022 3908 1049 3959 Ρ
1128 3914 1160 3961 17
1179 3907 1315 3961 infistu'
1293 3929 1349 3981 ,·ιιι

200 3993 291 4046 troeat
310 3994 345 4059 A,
364 3993 413 4047 ubi
431 3992 459 4047 la
473 3999 538 4063 post
554 3994 650 4048 fistu'
638 4012 670 4048 ιιι
688 3996 811 4064 morulae
830 3995 892 4048 udal
913 3993 953 4048 A2
1025 4013 1120 4049 sanum
1141 4012 1239 4050 sanum
1258 3948 1352 4053 fulciet

194 4081 290 4149 priore
308 4083 366 4137 loco
384 4084 411 4136 A
522 4087 554 4138 18
574 4083 723 4137 contritam
742 4078 896 4150 Iracundus,
917 4084 1037 4138 contrita
1060 4086 1157 4139 VAbc
1176 4085 1319 4142 contrista
1338 4091 1356 4154 f

291 4178 322 4224 19
341 4171 459 4241 polypus
482 4172 509 4225 V
524 4173 635 4242 polipus
654 4188 722 4226 corr.
742 4171 854 4239 polibus
873 4175 899 4226 A
918 4173 1029 4242 polipus
1049 4175 1084 4227 bc
1103 4175 1222 4242 polupus
1241 4177 1260 4240 s

199 4258 272 4312 intro
293 4258 347 4313 erit
367 4260 424 4312 PR
442 4260 583 4314 introierit
602 4261 691 4330 A(?)u
790 4266 823 4313 20
842 4262 871 4314 in
891 4261 1007 4332 malum]
1026 4262 1056 4315 in
1075 4279 1186 4315 manum
1207 4263 1352 4321 Gesnerus

272 4346 392 4399 conicito
409 4346 467 4400 PR
487 4348 632 4403 conmitito
647 4351 674 4401 A
694 4348 825 4402 coniicito
843 4365 859 4402 u
931 4350 968 4402 ad
987 4367 1084 4403 sanum
1103 4368 1171 4405 corr.
1192 4352 1229 4405 ad
1245 4371 1350 4409 nasum

200 4435 227 4487 A
300 4440 330 4487 21
352 4435 471 4503 polypus
494 4435 548 4489 VA
567 4435 679 4505 polipus
698 4437 725 4489 R
