<?xml version="1.0" encoding="UTF-8"?>
<!DOCTYPE html PUBLIC "-//W3C//DTD XHTML 1.0 Transitional//EN"
    "http://www.w3.org/TR/xhtml1/DTD/xhtml1-transitional.dtd">
<html xmlns="http://www.w3.org/1999/xhtml" xml:lang="en" lang="en">
 <head>
  <title>
</title>
<meta http-equiv="Content-Type" content="text/html;charset=utf-8" />
  <meta name='ocr-system' content='tesseract 3.04.00' />
  <meta name='ocr-capabilities' content='ocr_page ocr_carea ocr_par ocr_line ocrx_word'/>
</head>
<body>
  <div class='ocr_page' id='page_1' title='image "./mporcicatonisde01keilgoog_0275.png"; bbox 0 0 3000 5026; ppageno 0'>
   <div class='ocr_carea' id='block_1_1' title="bbox 191 335 869 399">
    <p class='ocr_par' dir='ltr' id='par_1_1' title="bbox 191 335 869 399">
     <span class='ocr_line' id='line_1_1' title="bbox 191 335 869 399; baseline -0.01 -2"><span class='ocrx_word' id='word_1_1' title='bbox 191 335 257 399; x_wconf 80' lang='lat'>250</span> <span class='ocrx_word' id='word_1_2' title='bbox 685 335 869 391; x_wconf 84' lang='lat' dir='ltr'><strong>VARRONIS</strong></span> 
     </span>
    </p>
   </div>
   <div class='ocr_carea' id='block_1_2' title="bbox 99 501 1355 2724">
    <p class='ocr_par' dir='ltr' id='par_1_2' title="bbox 99 501 1355 2724">
     <span class='ocr_line' id='line_1_2' title="bbox 189 501 1340 584; baseline 0.003 -22"><span class='ocrx_word' id='word_1_3' title='bbox 189 511 220 562; x_wconf 90' lang='lat' dir='ltr'>et</span> <span class='ocrx_word' id='word_1_4' title='bbox 243 502 367 563; x_wconf 91' lang='lat' dir='ltr'>caudam</span> <span class='ocrx_word' id='word_1_5' title='bbox 391 501 517 562; x_wconf 87' lang='lat' dir='ltr'><strong>similem</strong></span> <span class='ocrx_word' id='word_1_6' title='bbox 540 504 623 562; x_wconf 89' lang='lat' dir='ltr'>asini.</span> <span class='ocrx_word' id='word_1_7' title='bbox 669 505 741 563; x_wconf 92' lang='lat' dir='ltr'>item</span> <span class='ocrx_word' id='word_1_8' title='bbox 764 505 794 563; x_wconf 95' lang='lat' dir='ltr'>in</span> <span class='ocrx_word' id='word_1_9' title='bbox 818 510 921 563; x_wconf 86' lang='lat' dir='ltr'>ventre</span> <span class='ocrx_word' id='word_1_10' title='bbox 945 510 1005 581; x_wconf 89' lang='lat' dir='ltr'>est,</span> <span class='ocrx_word' id='word_1_11' title='bbox 1029 509 1063 564; x_wconf 92' lang='lat' dir='ltr'>ut</span> <span class='ocrx_word' id='word_1_12' title='bbox 1085 521 1196 584; x_wconf 87' lang='lat' dir='ltr'>equus,</span> <span class='ocrx_word' id='word_1_13' title='bbox 1219 522 1340 566; x_wconf 90' lang='lat' dir='ltr'>menses</span> 
     </span>
     <span class='ocr_line' id='line_1_3' title="bbox 189 609 1340 671; baseline 0.002 -2"><span class='ocrx_word' id='word_1_14' title='bbox 189 610 355 670; x_wconf 83' lang='lat' dir='ltr'><strong>duodecim.</strong></span> <span class='ocrx_word' id='word_1_15' title='bbox 402 609 491 670; x_wconf 89' lang='lat' dir='ltr'>hosce</span> <span class='ocrx_word' id='word_1_16' title='bbox 517 612 590 670; x_wconf 91' lang='lat' dir='ltr'>item</span> <span class='ocrx_word' id='word_1_17' title='bbox 612 618 647 671; x_wconf 91' lang='lat' dir='ltr'>ut</span> <span class='ocrx_word' id='word_1_18' title='bbox 669 609 771 671; x_wconf 89' lang='lat' dir='ltr'>eculos</span> <span class='ocrx_word' id='word_1_19' title='bbox 794 619 824 671; x_wconf 94' lang='lat' dir='ltr'>et</span> <span class='ocrx_word' id='word_1_20' title='bbox 847 610 975 670; x_wconf 91' lang='lat' dir='ltr'>educant</span> <span class='ocrx_word' id='word_1_21' title='bbox 998 618 1028 671; x_wconf 91' lang='lat' dir='ltr'>et</span> <span class='ocrx_word' id='word_1_22' title='bbox 1050 609 1134 670; x_wconf 90' lang='lat' dir='ltr'>alunt</span> <span class='ocrx_word' id='word_1_23' title='bbox 1155 620 1187 671; x_wconf 89' lang='lat' dir='ltr'>et</span> <span class='ocrx_word' id='word_1_24' title='bbox 1210 617 1340 671; x_wconf 88' lang='lat' dir='ltr'>aetatem</span> 
     </span>
     <span class='ocr_line' id='line_1_4' title="bbox 189 716 731 795; baseline 0.004 -19"><span class='ocrx_word' id='word_1_25' title='bbox 189 735 292 776; x_wconf 92' lang='lat' dir='ltr'>eorum</span> <span class='ocrx_word' id='word_1_26' title='bbox 316 735 352 776; x_wconf 87' lang='lat' dir='ltr'>ex</span> <span class='ocrx_word' id='word_1_27' title='bbox 376 716 516 776; x_wconf 83' lang='lat' dir='ltr'>dentibus</span> <span class='ocrx_word' id='word_1_28' title='bbox 539 726 731 795; x_wconf 87' lang='lat' dir='ltr'>cognoscunt</span> 
     </span>
     <span class='ocr_line' id='line_1_5' title="bbox 140 820 1343 905; baseline 0.002 -24"><span class='ocrx_word' id='word_1_29' title='bbox 140 820 180 881; x_wconf 85' lang='lat' dir='ltr'>IX</span> <span class='ocrx_word' id='word_1_30' title='bbox 279 822 476 902; x_wconf 78' lang='lat' dir='ltr'>Relinquitur,</span> <span class='ocrx_word' id='word_1_31' title='bbox 499 826 597 903; x_wconf 88' lang='lat' dir='ltr'>inquit</span> <span class='ocrx_word' id='word_1_32' title='bbox 619 824 744 905; x_wconf 83' lang='lat' dir='ltr'>Atticus,</span> <span class='ocrx_word' id='word_1_33' title='bbox 769 824 805 884; x_wconf 91' lang='lat' dir='ltr'>de</span> <span class='ocrx_word' id='word_1_34' title='bbox 829 824 1062 903; x_wconf 80' lang='lat' dir='ltr'>quadripedibus</span> <span class='ocrx_word' id='word_1_35' title='bbox 1087 824 1167 903; x_wconf 85' lang='lat' dir='ltr'>quod</span> <span class='ocrx_word' id='word_1_36' title='bbox 1190 824 1228 884; x_wconf 92' lang='lat' dir='ltr'>ad</span> <span class='ocrx_word' id='word_1_37' title='bbox 1250 842 1343 885; x_wconf 89' lang='lat' dir='ltr'>canes</span> 
     </span>
     <span class='ocr_line' id='line_1_6' title="bbox 99 931 1343 1010; baseline 0.002 -21"><span class='ocrx_word' id='word_1_38' title='bbox 99 946 113 978; x_wconf 70' lang='grc' dir='ltr'><strong>ο</strong></span> <span class='ocrx_word' id='word_1_39' title='bbox 189 932 308 1010; x_wconf 91' lang='lat' dir='ltr'>attinet,</span> <span class='ocrx_word' id='word_1_40' title='bbox 333 932 457 991; x_wconf 81' lang='lat' dir='ltr'>maxime</span> <span class='ocrx_word' id='word_1_41' title='bbox 481 931 517 991; x_wconf 93' lang='lat' dir='ltr'>ad</span> <span class='ocrx_word' id='word_1_42' title='bbox 541 949 605 1010; x_wconf 91' lang='lat' dir='ltr'>nos,</span> <span class='ocrx_word' id='word_1_43' title='bbox 628 933 680 1009; x_wconf 90' lang='lat' dir='ltr'>qui</span> <span class='ocrx_word' id='word_1_44' title='bbox 702 950 796 1009; x_wconf 91' lang='lat' dir='ltr'>pecus</span> <span class='ocrx_word' id='word_1_45' title='bbox 818 934 969 1009; x_wconf 91' lang='lat' dir='ltr'>pascimus</span> <span class='ocrx_word' id='word_1_46' title='bbox 992 931 1100 991; x_wconf 90' lang='lat' dir='ltr'>lauare.</span> <span class='ocrx_word' id='word_1_47' title='bbox 1147 949 1236 992; x_wconf 91' lang='lat' dir='ltr'>canes</span> <span class='ocrx_word' id='word_1_48' title='bbox 1260 933 1343 991; x_wconf 90' lang='lat' dir='ltr'>enim</span> 
     </span>
     <span class='ocr_line' id='line_1_7' title="bbox 189 1037 1342 1117; baseline 0.002 -21"><span class='ocrx_word' id='word_1_49' title='bbox 189 1039 229 1096; x_wconf 89' lang='lat' dir='ltr'>ita</span> <span class='ocrx_word' id='word_1_50' title='bbox 253 1044 355 1098; x_wconf 89' lang='lat' dir='ltr'>custos</span> <span class='ocrx_word' id='word_1_51' title='bbox 378 1040 496 1116; x_wconf 90' lang='lat' dir='ltr'>pecoris</span> <span class='ocrx_word' id='word_1_52' title='bbox 520 1046 549 1098; x_wconf 93' lang='lat' dir='ltr'>et</span> <span class='ocrx_word' id='word_1_53' title='bbox 573 1039 637 1098; x_wconf 91' lang='lat' dir='ltr'>eius</span> <span class='ocrx_word' id='word_1_54' title='bbox 661 1040 713 1117; x_wconf 89' lang='lat' dir='ltr'>qui</span> <span class='ocrx_word' id='word_1_55' title='bbox 736 1058 771 1099; x_wconf 95' lang='lat' dir='ltr'>eo</span> <span class='ocrx_word' id='word_1_56' title='bbox 795 1041 902 1099; x_wconf 91' lang='lat' dir='ltr'>comite</span> <span class='ocrx_word' id='word_1_57' title='bbox 926 1037 1039 1117; x_wconf 84' lang='lat' dir='ltr'>indiget</span> <span class='ocrx_word' id='word_1_58' title='bbox 1062 1038 1099 1099; x_wconf 92' lang='lat' dir='ltr'>ad</span> <span class='ocrx_word' id='word_1_59' title='bbox 1122 1056 1155 1098; x_wconf 92' lang='lat' dir='ltr'>se</span> <span class='ocrx_word' id='word_1_60' title='bbox 1178 1037 1342 1099; x_wconf 80' lang='lat' dir='ltr'>defenden-</span> 
     </span>
     <span class='ocr_line' id='line_1_8' title="bbox 190 1144 1344 1225; baseline 0.003 -22"><span class='ocrx_word' id='word_1_61' title='bbox 190 1144 269 1204; x_wconf 94' lang='lat' dir='ltr'>dum.</span> <span class='ocrx_word' id='word_1_62' title='bbox 320 1146 350 1204; x_wconf 92' lang='lat' dir='ltr'>in</span> <span class='ocrx_word' id='word_1_63' title='bbox 384 1163 442 1222; x_wconf 91' lang='lat' dir='ltr'>quo</span> <span class='ocrx_word' id='word_1_64' title='bbox 475 1163 584 1223; x_wconf 79' lang='lat' dir='ltr'>genere</span> <span class='ocrx_word' id='word_1_65' title='bbox 619 1153 689 1205; x_wconf 92' lang='lat' dir='ltr'>suut</span> <span class='ocrx_word' id='word_1_66' title='bbox 717 1148 842 1206; x_wconf 81' lang='lat' dir='ltr'>maxime</span> <span class='ocrx_word' id='word_1_67' title='bbox 870 1163 953 1225; x_wconf 88' lang='lat' dir='ltr'>oves,</span> <span class='ocrx_word' id='word_1_68' title='bbox 987 1144 1093 1206; x_wconf 92' lang='lat' dir='ltr'>deinde</span> <span class='ocrx_word' id='word_1_69' title='bbox 1122 1163 1237 1223; x_wconf 92' lang='lat' dir='ltr'>caprae.</span> <span class='ocrx_word' id='word_1_70' title='bbox 1289 1145 1344 1206; x_wconf 88' lang='lat' dir='ltr'>has</span> 
     </span>
     <span class='ocr_line' id='line_1_9' title="bbox 190 1250 1343 1333; baseline 0.004 -24"><span class='ocrx_word' id='word_1_71' title='bbox 190 1252 270 1310; x_wconf 91' lang='lat' dir='ltr'>enim</span> <span class='ocrx_word' id='word_1_72' title='bbox 297 1250 387 1329; x_wconf 92' lang='lat' dir='ltr'>lupus</span> <span class='ocrx_word' id='word_1_73' title='bbox 414 1260 534 1332; x_wconf 91' lang='lat' dir='ltr'>captare</span> <span class='ocrx_word' id='word_1_74' title='bbox 562 1252 650 1333; x_wconf 89' lang='lat' dir='ltr'>solet,</span> <span class='ocrx_word' id='word_1_75' title='bbox 679 1254 728 1313; x_wconf 93' lang='lat' dir='ltr'>cui</span> <span class='ocrx_word' id='word_1_76' title='bbox 756 1254 933 1332; x_wconf 90' lang='lat' dir='ltr'>opponimus</span> <span class='ocrx_word' id='word_1_77' title='bbox 961 1270 1050 1312; x_wconf 90' lang='lat' dir='ltr'>canes</span> <span class='ocrx_word' id='word_1_78' title='bbox 1076 1251 1258 1314; x_wconf 85' lang='lat' dir='ltr'>defensores.</span> <span class='ocrx_word' id='word_1_79' title='bbox 1310 1254 1343 1314; x_wconf 94' lang='lat' dir='ltr'>in</span> 
     </span>
     <span class='ocr_line' id='line_1_10' title="bbox 192 1357 1343 1440; baseline 0.003 -23"><span class='ocrx_word' id='word_1_80' title='bbox 192 1357 280 1417; x_wconf 90' lang='lat' dir='ltr'>suillo</span> <span class='ocrx_word' id='word_1_81' title='bbox 304 1376 412 1437; x_wconf 90' lang='lat' dir='ltr'>pecore</span> <span class='ocrx_word' id='word_1_82' title='bbox 436 1367 534 1420; x_wconf 90' lang='lat' dir='ltr'>tamen</span> <span class='ocrx_word' id='word_1_83' title='bbox 554 1368 624 1420; x_wconf 91' lang='lat' dir='ltr'>sunt</span> <span class='ocrx_word' id='word_1_84' title='bbox 645 1378 720 1438; x_wconf 90' lang='lat' dir='ltr'>quae</span> <span class='ocrx_word' id='word_1_85' title='bbox 740 1378 772 1419; x_wconf 92' lang='lat' dir='ltr'>se</span> <span class='ocrx_word' id='word_1_86' title='bbox 791 1358 950 1440; x_wconf 88' lang='lat' dir='ltr'>vindicent,</span> <span class='ocrx_word' id='word_1_87' title='bbox 974 1377 1053 1439; x_wconf 91' lang='lat' dir='ltr'>sues,</span> <span class='ocrx_word' id='word_1_88' title='bbox 1077 1377 1186 1440; x_wconf 89' lang='lat' dir='ltr'>verres,</span> <span class='ocrx_word' id='word_1_89' title='bbox 1211 1360 1343 1440; x_wconf 86' lang='lat' dir='ltr'>maiales,</span> 
     </span>
     <span class='ocr_line' id='line_1_11' title="bbox 192 1465 1343 1546; baseline 0.003 -22"><span class='ocrx_word' id='word_1_90' title='bbox 192 1465 318 1526; x_wconf 86' lang='lat' dir='ltr'>scrofae.</span> <span class='ocrx_word' id='word_1_91' title='bbox 367 1484 460 1545; x_wconf 87' lang='lat' dir='ltr'>prope</span> <span class='ocrx_word' id='word_1_92' title='bbox 494 1469 573 1526; x_wconf 91' lang='lat' dir='ltr'>enim</span> <span class='ocrx_word' id='word_1_93' title='bbox 605 1466 678 1527; x_wconf 91' lang='lat' dir='ltr'>baec</span> <span class='ocrx_word' id='word_1_94' title='bbox 706 1468 800 1545; x_wconf 91' lang='lat' dir='ltr'>apris,</span> <span class='ocrx_word' id='word_1_95' title='bbox 832 1467 885 1544; x_wconf 91' lang='lat' dir='ltr'>qui</span> <span class='ocrx_word' id='word_1_96' title='bbox 912 1468 943 1526; x_wconf 89' lang='lat' dir='ltr'>in</span> <span class='ocrx_word' id='word_1_97' title='bbox 971 1466 1052 1526; x_wconf 89' lang='lat' dir='ltr'>silvis</span> <span class='ocrx_word' id='word_1_98' title='bbox 1081 1485 1170 1546; x_wconf 90' lang='lat' dir='ltr'>saepe</span> <span class='ocrx_word' id='word_1_99' title='bbox 1199 1466 1343 1528; x_wconf 82' lang='lat' dir='ltr'>dentibus</span> 
     </span>
     <span class='ocr_line' id='line_1_12' title="bbox 167 1571 1342 1651; baseline 0.002 -19"><span class='ocrx_word' id='word_1_100' title='bbox 167 1577 285 1632; x_wconf 82' lang='lat' dir='ltr'>2canes</span> <span class='ocrx_word' id='word_1_101' title='bbox 313 1573 495 1633; x_wconf 90' lang='lat' dir='ltr'>occiderunt.</span> <span class='ocrx_word' id='word_1_102' title='bbox 546 1574 617 1651; x_wconf 90' lang='lat' dir='ltr'>quid</span> <span class='ocrx_word' id='word_1_103' title='bbox 645 1573 741 1633; x_wconf 91' lang='lat' dir='ltr'>dicam</span> <span class='ocrx_word' id='word_1_104' title='bbox 769 1573 805 1632; x_wconf 93' lang='lat' dir='ltr'>de</span> <span class='ocrx_word' id='word_1_105' title='bbox 832 1591 941 1651; x_wconf 91' lang='lat' dir='ltr'>pecore</span> <span class='ocrx_word' id='word_1_106' title='bbox 968 1571 1101 1635; x_wconf 75' lang='lat' dir='ltr'>maiore?</span> <span class='ocrx_word' id='word_1_107' title='bbox 1152 1592 1220 1634; x_wconf 90' lang='lat' dir='ltr'>cum</span> <span class='ocrx_word' id='word_1_108' title='bbox 1250 1577 1342 1634; x_wconf 90' lang='lat' dir='ltr'>sciam</span> 
     </span>
     <span class='ocr_line' id='line_1_13' title="bbox 192 1678 1342 1761; baseline 0.003 -24"><span class='ocrx_word' id='word_1_109' title='bbox 192 1678 341 1739; x_wconf 91' lang='lat' dir='ltr'>mulorum</span> <span class='ocrx_word' id='word_1_110' title='bbox 373 1698 507 1760; x_wconf 78' lang='lat' dir='ltr'>gregem,</span> <span class='ocrx_word' id='word_1_111' title='bbox 540 1699 607 1741; x_wconf 92' lang='lat' dir='ltr'>cum</span> <span class='ocrx_word' id='word_1_112' title='bbox 640 1689 813 1759; x_wconf 89' lang='lat' dir='ltr'>pasceretur</span> <span class='ocrx_word' id='word_1_113' title='bbox 846 1688 876 1740; x_wconf 91' lang='lat' dir='ltr'>et</span> <span class='ocrx_word' id='word_1_114' title='bbox 903 1699 938 1740; x_wconf 90' lang='lat' dir='ltr'>eo</span> <span class='ocrx_word' id='word_1_115' title='bbox 966 1683 1097 1742; x_wconf 86' lang='lat' dir='ltr'>venisset</span> <span class='ocrx_word' id='word_1_116' title='bbox 1125 1680 1227 1761; x_wconf 92' lang='lat' dir='ltr'>lupus,</span> <span class='ocrx_word' id='word_1_117' title='bbox 1262 1681 1342 1742; x_wconf 92' lang='lat' dir='ltr'>ultro</span> 
     </span>
     <span class='ocr_line' id='line_1_14' title="bbox 192 1785 1342 1868; baseline 0.003 -23"><span class='ocrx_word' id='word_1_118' title='bbox 192 1785 287 1846; x_wconf 92' lang='lat' dir='ltr'>mulos</span> <span class='ocrx_word' id='word_1_119' title='bbox 324 1787 559 1849; x_wconf 86' lang='lat' dir='ltr'>circumfluxisse</span> <span class='ocrx_word' id='word_1_120' title='bbox 596 1796 626 1848; x_wconf 90' lang='lat' dir='ltr'>et</span> <span class='ocrx_word' id='word_1_121' title='bbox 663 1787 782 1866; x_wconf 92' lang='lat' dir='ltr'>ungulis</span> <span class='ocrx_word' id='word_1_122' title='bbox 819 1786 968 1848; x_wconf 90' lang='lat' dir='ltr'>caedendo</span> <span class='ocrx_word' id='word_1_123' title='bbox 1006 1805 1076 1848; x_wconf 92' lang='lat' dir='ltr'>eum</span> <span class='ocrx_word' id='word_1_124' title='bbox 1113 1787 1275 1868; x_wconf 88' lang='lat' dir='ltr'>occidisse,</span> <span class='ocrx_word' id='word_1_125' title='bbox 1311 1796 1342 1849; x_wconf 92' lang='lat' dir='ltr'>et</span> 
     </span>
     <span class='ocr_line' id='line_1_15' title="bbox 192 1893 1342 1956; baseline 0.003 -4"><span class='ocrx_word' id='word_1_126' title='bbox 192 1900 294 1953; x_wconf 91' lang='lat' dir='ltr'>tauros</span> <span class='ocrx_word' id='word_1_127' title='bbox 318 1893 413 1955; x_wconf 91' lang='lat' dir='ltr'>solere</span> <span class='ocrx_word' id='word_1_128' title='bbox 437 1895 578 1955; x_wconf 88' lang='lat' dir='ltr'>adversos</span> <span class='ocrx_word' id='word_1_129' title='bbox 602 1895 746 1956; x_wconf 85' lang='lat' dir='ltr'>adsistere</span> <span class='ocrx_word' id='word_1_130' title='bbox 770 1894 908 1955; x_wconf 83' lang='lat' dir='ltr'>clunibus</span> <span class='ocrx_word' id='word_1_131' title='bbox 931 1896 1120 1955; x_wconf 91' lang='lat' dir='ltr'>continuatos</span> <span class='ocrx_word' id='word_1_132' title='bbox 1143 1904 1173 1956; x_wconf 94' lang='lat' dir='ltr'>et</span> <span class='ocrx_word' id='word_1_133' title='bbox 1197 1895 1342 1956; x_wconf 89' lang='lat' dir='ltr'>cornibus</span> 
     </span>
     <span class='ocr_line' id='line_1_16' title="bbox 193 2000 1342 2084; baseline 0.002 -25"><span class='ocrx_word' id='word_1_134' title='bbox 193 2000 279 2061; x_wconf 89' lang='lat' dir='ltr'>lacile</span> <span class='ocrx_word' id='word_1_135' title='bbox 308 2001 483 2080; x_wconf 85' lang='lat' dir='ltr'>propulsare</span> <span class='ocrx_word' id='word_1_136' title='bbox 507 2002 602 2082; x_wconf 90' lang='lat' dir='ltr'>lupos.</span> <span class='ocrx_word' id='word_1_137' title='bbox 648 2021 740 2081; x_wconf 90' lang='lat' dir='ltr'>quare</span> <span class='ocrx_word' id='word_1_138' title='bbox 765 2002 801 2062; x_wconf 91' lang='lat' dir='ltr'>de</span> <span class='ocrx_word' id='word_1_139' title='bbox 825 2002 950 2062; x_wconf 92' lang='lat' dir='ltr'>canibus</span> <span class='ocrx_word' id='word_1_140' title='bbox 973 2004 1112 2081; x_wconf 84' lang='lat' dir='ltr'>quoniam</span> <span class='ocrx_word' id='word_1_141' title='bbox 1136 2021 1249 2080; x_wconf 92' lang='lat' dir='ltr'>genera</span> <span class='ocrx_word' id='word_1_142' title='bbox 1273 2003 1342 2084; x_wconf 94' lang='lat' dir='ltr'>duo,</span> 
     </span>
     <span class='ocr_line' id='line_1_17' title="bbox 193 2108 1341 2189; baseline 0.003 -22"><span class='ocrx_word' id='word_1_143' title='bbox 193 2126 285 2168; x_wconf 89' lang='lat' dir='ltr'>unum</span> <span class='ocrx_word' id='word_1_144' title='bbox 314 2111 483 2170; x_wconf 88' lang='lat' dir='ltr'>venaticum</span> <span class='ocrx_word' id='word_1_145' title='bbox 512 2119 542 2170; x_wconf 90' lang='lat' dir='ltr'>et</span> <span class='ocrx_word' id='word_1_146' title='bbox 569 2112 700 2188; x_wconf 90' lang='lat' dir='ltr'>pertinet</span> <span class='ocrx_word' id='word_1_147' title='bbox 725 2109 761 2169; x_wconf 91' lang='lat' dir='ltr'>ad</span> <span class='ocrx_word' id='word_1_148' title='bbox 785 2110 864 2169; x_wconf 84' lang='lat' dir='ltr'>ieras</span> <span class='ocrx_word' id='word_1_149' title='bbox 886 2108 998 2170; x_wconf 90' lang='lat' dir='ltr'>bestias</span> <span class='ocrx_word' id='word_1_150' title='bbox 1022 2109 1186 2189; x_wconf 88' lang='lat' dir='ltr'>silvestres,</span> <span class='ocrx_word' id='word_1_151' title='bbox 1214 2109 1341 2170; x_wconf 90' lang='lat' dir='ltr'>alterum</span> 
     </span>
     <span class='ocr_line' id='line_1_18' title="bbox 195 2215 1341 2298; baseline 0.001 -24"><span class='ocrx_word' id='word_1_152' title='bbox 195 2216 272 2293; x_wconf 88' lang='lat' dir='ltr'>quod</span> <span class='ocrx_word' id='word_1_153' title='bbox 297 2216 449 2276; x_wconf 85' lang='lat' dir='ltr'>custodiae</span> <span class='ocrx_word' id='word_1_154' title='bbox 474 2235 562 2277; x_wconf 89' lang='lat' dir='ltr'>causa</span> <span class='ocrx_word' id='word_1_155' title='bbox 585 2226 706 2295; x_wconf 91' lang='lat' dir='ltr'>paratur</span> <span class='ocrx_word' id='word_1_156' title='bbox 730 2224 760 2277; x_wconf 95' lang='lat' dir='ltr'>et</span> <span class='ocrx_word' id='word_1_157' title='bbox 783 2218 913 2295; x_wconf 90' lang='lat' dir='ltr'>pertinet</span> <span class='ocrx_word' id='word_1_158' title='bbox 936 2217 971 2277; x_wconf 93' lang='lat' dir='ltr'>ad</span> <span class='ocrx_word' id='word_1_159' title='bbox 995 2225 1161 2298; x_wconf 84' lang='lat' dir='ltr'>pastorem,</span> <span class='ocrx_word' id='word_1_160' title='bbox 1184 2216 1282 2277; x_wconf 91' lang='lat' dir='ltr'>dicam</span> <span class='ocrx_word' id='word_1_161' title='bbox 1305 2215 1341 2276; x_wconf 90' lang='lat' dir='ltr'>dc</span> 
     </span>
     <span class='ocr_line' id='line_1_19' title="bbox 194 2322 1036 2406; baseline 0.005 -26"><span class='ocrx_word' id='word_1_162' title='bbox 194 2339 229 2380; x_wconf 89' lang='lat' dir='ltr'>eo</span> <span class='ocrx_word' id='word_1_163' title='bbox 253 2322 288 2381; x_wconf 94' lang='lat' dir='ltr'>ad</span> <span class='ocrx_word' id='word_1_164' title='bbox 313 2322 436 2383; x_wconf 89' lang='lat' dir='ltr'>formam</span> <span class='ocrx_word' id='word_1_165' title='bbox 460 2325 533 2406; x_wconf 91' lang='lat' dir='ltr'>artis</span> <span class='ocrx_word' id='word_1_166' title='bbox 557 2326 720 2402; x_wconf 82' lang='lat' dir='ltr'>expositam</span> <span class='ocrx_word' id='word_1_167' title='bbox 744 2326 775 2383; x_wconf 94' lang='lat' dir='ltr'>in</span> <span class='ocrx_word' id='word_1_168' title='bbox 798 2341 905 2384; x_wconf 89' lang='lat' dir='ltr'>novem</span> <span class='ocrx_word' id='word_1_169' title='bbox 927 2331 1036 2402; x_wconf 80' lang='lat' dir='ltr'>partes</span> 
     </span>
     <span class='ocr_line' id='line_1_20' title="bbox 169 2427 1342 2511; baseline -0.002 -21"><span class='ocrx_word' id='word_1_170' title='bbox 169 2433 187 2490; x_wconf 89' lang='lat'><strong>3</strong></span> <span class='ocrx_word' id='word_1_171' title='bbox 288 2428 421 2489; x_wconf 91' lang='lat' dir='ltr'>Primum</span> <span class='ocrx_word' id='word_1_172' title='bbox 450 2437 545 2490; x_wconf 92' lang='lat' dir='ltr'>aetate</span> <span class='ocrx_word' id='word_1_173' title='bbox 569 2431 674 2490; x_wconf 92' lang='lat' dir='ltr'>idonea</span> <span class='ocrx_word' id='word_1_174' title='bbox 697 2430 833 2511; x_wconf 93' lang='lat' dir='ltr'>parandi,</span> <span class='ocrx_word' id='word_1_175' title='bbox 861 2431 940 2509; x_wconf 91' lang='lat' dir='ltr'>quod</span> <span class='ocrx_word' id='word_1_176' title='bbox 964 2429 1054 2491; x_wconf 90' lang='lat' dir='ltr'>eatuli</span> <span class='ocrx_word' id='word_1_177' title='bbox 1077 2438 1107 2490; x_wconf 92' lang='lat' dir='ltr'>et</span> <span class='ocrx_word' id='word_1_178' title='bbox 1129 2427 1223 2489; x_wconf 85' lang='lat' dir='ltr'>vetuli</span> <span class='ocrx_word' id='word_1_179' title='bbox 1246 2446 1342 2507; x_wconf 90' lang='lat' dir='ltr'>neque</span> 
     </span>
     <span class='ocr_line' id='line_1_21' title="bbox 194 2533 1355 2615; baseline 0 -21"><span class='ocrx_word' id='word_1_180' title='bbox 194 2533 252 2594; x_wconf 91' lang='lat' dir='ltr'>sibi</span> <span class='ocrx_word' id='word_1_181' title='bbox 280 2552 376 2613; x_wconf 90' lang='lat' dir='ltr'>neque</span> <span class='ocrx_word' id='word_1_182' title='bbox 405 2536 509 2596; x_wconf 87' lang='lat' dir='ltr'>ovibus</span> <span class='ocrx_word' id='word_1_183' title='bbox 537 2545 607 2597; x_wconf 91' lang='lat' dir='ltr'>sunt</span> <span class='ocrx_word' id='word_1_184' title='bbox 634 2536 782 2615; x_wconf 91' lang='lat' dir='ltr'>praesidio</span> <span class='ocrx_word' id='word_1_185' title='bbox 811 2545 840 2597; x_wconf 91' lang='lat' dir='ltr'>et</span> <span class='ocrx_word' id='word_1_186' title='bbox 867 2538 940 2597; x_wconf 90' lang='lat' dir='ltr'>leris</span> <span class='ocrx_word' id='word_1_187' title='bbox 968 2537 1073 2598; x_wconf 90' lang='lat' dir='ltr'>bestiis</span> <span class='ocrx_word' id='word_1_188' title='bbox 1095 2555 1155 2596; x_wconf 93' lang='lat' dir='ltr'>non</span> <span class='ocrx_word' id='word_1_189' title='bbox 1179 2553 1355 2613; x_wconf 73' lang='lat' dir='ltr'>numquam:</span> 
     </span>
     <span class='ocr_line' id='line_1_22' title="bbox 194 2639 1341 2724; baseline 0.003 -26"><span class='ocrx_word' id='word_1_190' title='bbox 194 2639 328 2719; x_wconf 89' lang='lat' dir='ltr'>praedae.</span> <span class='ocrx_word' id='word_1_191' title='bbox 371 2642 445 2703; x_wconf 88' lang='lat' dir='ltr'>lacie</span> <span class='ocrx_word' id='word_1_192' title='bbox 477 2643 587 2704; x_wconf 90' lang='lat' dir='ltr'>debent</span> <span class='ocrx_word' id='word_1_193' title='bbox 614 2662 679 2704; x_wconf 91' lang='lat' dir='ltr'>esse</span> <span class='ocrx_word' id='word_1_194' title='bbox 709 2644 844 2724; x_wconf 88' lang='lat' dir='ltr'>formosi,</span> <span class='ocrx_word' id='word_1_195' title='bbox 875 2643 1076 2722; x_wconf 90' lang='lat' dir='ltr'>magnitudine</span> <span class='ocrx_word' id='word_1_196' title='bbox 1104 2641 1214 2723; x_wconf 90' lang='lat' dir='ltr'>ampla,</span> <span class='ocrx_word' id='word_1_197' title='bbox 1248 2640 1341 2702; x_wconf 88' lang='lat' dir='ltr'>oeulis</span> 
     </span>
    </p>
   </div>
   <div class='ocr_carea' id='block_1_3' title="bbox 265 2795 1039 2868">
    <p class='ocr_par' dir='ltr' id='par_1_3' title="bbox 265 2795 1039 2868">
     <span class='ocr_line' id='line_1_23' title="bbox 265 2795 1039 2868; baseline 0.005 -20"><span class='ocrx_word' id='word_1_198' title='bbox 265 2801 298 2849; x_wconf 82' lang='lat'>21</span> <span class='ocrx_word' id='word_1_199' title='bbox 318 2795 390 2850; x_wconf 86' lang='lat' dir='ltr'>facie</span> <span class='ocrx_word' id='word_1_200' title='bbox 409 2796 513 2852; x_wconf 90' lang='lat' dir='ltr'>debent</span> <span class='ocrx_word' id='word_1_201' title='bbox 530 2814 590 2851; x_wconf 90' lang='lat' dir='ltr'>esse</span> <span class='ocrx_word' id='word_1_202' title='bbox 609 2797 726 2852; x_wconf 82' lang='lat' dir='ltr'>formosi</span> <span class='ocrx_word' id='word_1_203' title='bbox 742 2815 853 2868; x_wconf 77' lang='lat' dir='ltr'>geopon.</span> <span class='ocrx_word' id='word_1_204' title='bbox 876 2797 957 2852; x_wconf 90' lang='lat' dir='ltr'>XIX</span> <span class='ocrx_word' id='word_1_205' title='bbox 968 2802 999 2852; x_wconf 77' lang='lat'>·1.</span> <span class='ocrx_word' id='word_1_206' title='bbox 1019 2801 1039 2852; x_wconf 81' lang='lat'><strong><em>2</em></strong></span> 
     </span>
    </p>
   </div>
   <div class='ocr_carea' id='block_1_4' title="bbox 193 2936 1355 3454">
    <p class='ocr_par' dir='ltr' id='par_1_4' title="bbox 193 2936 1341 3084">
     <span class='ocr_line' id='line_1_24' title="bbox 264 2936 1341 3008; baseline 0 -16"><span class='ocrx_word' id='word_1_207' title='bbox 264 2945 280 2992; x_wconf 82' lang='lat'><strong>2</strong></span> <span class='ocrx_word' id='word_1_208' title='bbox 300 2939 394 2993; x_wconf 89' lang='lat' dir='ltr'>eculos</span> <span class='ocrx_word' id='word_1_209' title='bbox 415 2940 507 2993; x_wconf 90' lang='lat' dir='ltr'>PAB</span> <span class='ocrx_word' id='word_1_210' title='bbox 525 2941 641 3008; x_wconf 90' lang='lat' dir='ltr'>equulos</span> <span class='ocrx_word' id='word_1_211' title='bbox 660 2957 676 2994; x_wconf 89' lang='lat' dir='ltr'>o</span> <span class='ocrx_word' id='word_1_212' title='bbox 749 2940 870 2994; x_wconf 89' lang='lat' dir='ltr'>educant</span> <span class='ocrx_word' id='word_1_213' title='bbox 885 2939 945 2993; x_wconf 91' lang='lat' dir='ltr'>AB</span> <span class='ocrx_word' id='word_1_214' title='bbox 964 2938 1087 2994; x_wconf 89' lang='lat' dir='ltr'>educunt</span> <span class='ocrx_word' id='word_1_215' title='bbox 1104 2939 1131 2993; x_wconf 91' lang='lat' dir='ltr'><em>V</em></span> <span class='ocrx_word' id='word_1_216' title='bbox 1201 2941 1232 2993; x_wconf 89' lang='lat' dir='ltr'>et</span> <span class='ocrx_word' id='word_1_217' title='bbox 1249 2936 1341 3008; x_wconf 78' lang='lat' dir='ltr'>alluat</span> 
     </span>
     <span class='ocr_line' id='line_1_25' title="bbox 193 3027 1025 3084; baseline 0 -2"><span class='ocrx_word' id='word_1_218' title='bbox 193 3031 297 3084; x_wconf 86' lang='lat' dir='ltr'>etatem</span> <span class='ocrx_word' id='word_1_219' title='bbox 317 3031 344 3082; x_wconf 98' lang='lat' dir='ltr'><strong><em>A</em></strong></span> <span class='ocrx_word' id='word_1_220' title='bbox 417 3029 634 3084; x_wconf 71' lang='lat' dir='ltr'>assidentibus</span> <span class='ocrx_word' id='word_1_221' title='bbox 659 3029 716 3083; x_wconf 91' lang='lat' dir='ltr'>VB</span> <span class='ocrx_word' id='word_1_222' title='bbox 734 3030 767 3082; x_wconf 91' lang='lat' dir='ltr'>ut</span> <span class='ocrx_word' id='word_1_223' title='bbox 784 3045 800 3082; x_wconf 88' lang='lat' dir='ltr'>e</span> <span class='ocrx_word' id='word_1_224' title='bbox 818 3028 947 3084; x_wconf 79' lang='lat' dir='ltr'>dentibus</span> <span class='ocrx_word' id='word_1_225' title='bbox 966 3027 1025 3082; x_wconf 87' lang='lat' dir='ltr'>Am</span> 
     </span>
    </p>

    <p class='ocr_par' dir='ltr' id='par_1_5' title="bbox 193 3109 1355 3454">
     <span class='ocr_line' id='line_1_26' title="bbox 264 3109 1341 3188; baseline 0.001 -17"><span class='ocrx_word' id='word_1_226' title='bbox 264 3125 281 3171; x_wconf 83' lang='lat'>4</span> <span class='ocrx_word' id='word_1_227' title='bbox 308 3117 496 3188; x_wconf 79' lang='lat' dir='ltr'>Relinquitur]</span> <span class='ocrx_word' id='word_1_228' title='bbox 520 3118 562 3172; x_wconf 93' lang='lat' dir='ltr'>De</span> <span class='ocrx_word' id='word_1_229' title='bbox 587 3117 702 3173; x_wconf 87' lang='lat' dir='ltr'>canibus</span> <span class='ocrx_word' id='word_1_230' title='bbox 726 3120 759 3172; x_wconf 83' lang='lat' dir='ltr'>c‘a</span> <span class='ocrx_word' id='word_1_231' title='bbox 780 3119 904 3188; x_wconf 83' lang='lat' dir='ltr'>marpiae</span> <span class='ocrx_word' id='word_1_232' title='bbox 926 3118 1039 3173; x_wconf 76' lang='lat' dir='ltr'>rubrica</span> <span class='ocrx_word' id='word_1_233' title='bbox 1062 3117 1089 3171; x_wconf 83' lang='lat' dir='ltr'><strong><em>A</em></strong></span> <span class='ocrx_word' id='word_1_234' title='bbox 1168 3117 1262 3187; x_wconf 90' lang='lat' dir='ltr'>inquit</span> <span class='ocrx_word' id='word_1_235' title='bbox 1285 3109 1341 3172; x_wconf 89' lang='lat' dir='ltr'>VB</span> 
     </span>
     <span class='ocr_line' id='line_1_27' title="bbox 193 3205 1355 3276; baseline -0.003 -14"><span class='ocrx_word' id='word_1_236' title='bbox 193 3207 290 3276; x_wconf 88' lang='lat' dir='ltr'>inquid</span> <span class='ocrx_word' id='word_1_237' title='bbox 310 3209 337 3260; x_wconf 96' lang='lat' dir='ltr'><strong><em>A</em></strong></span> <span class='ocrx_word' id='word_1_238' title='bbox 409 3206 628 3276; x_wconf 82' lang='lat' dir='ltr'>quadripedibus</span> <span class='ocrx_word' id='word_1_239' title='bbox 648 3206 739 3260; x_wconf 85' lang='lat' dir='ltr'>PAB</span> <span class='ocrx_word' id='word_1_240' title='bbox 757 3205 1018 3276; x_wconf 81' lang='lat' dir='ltr'>quadrupedibuso</span> <span class='ocrx_word' id='word_1_241' title='bbox 1090 3221 1208 3261; x_wconf 80' lang='lat' dir='ltr'>aacanes</span> <span class='ocrx_word' id='word_1_242' title='bbox 1226 3207 1253 3260; x_wconf 86' lang='lat' dir='ltr'><strong><em>A</em></strong></span> <span class='ocrx_word' id='word_1_243' title='bbox 1272 3221 1355 3261; x_wconf 83' lang='lat' dir='ltr'>corr..</span> 
     </span>
     <span class='ocr_line' id='line_1_28' title="bbox 195 3294 1355 3350; baseline -0.001 -1"><span class='ocrx_word' id='word_1_244' title='bbox 195 3296 230 3349; x_wconf 84' lang='lat' dir='ltr'>ad</span> <span class='ocrx_word' id='word_1_245' title='bbox 259 3311 340 3350; x_wconf 85' lang='lat' dir='ltr'>canes</span> <span class='ocrx_word' id='word_1_246' title='bbox 364 3295 404 3349; x_wconf 79' lang='lat' dir='ltr'>A²</span> <span class='ocrx_word' id='word_1_247' title='bbox 477 3301 493 3349; x_wconf 81' lang='lat'><strong>5</strong></span> <span class='ocrx_word' id='word_1_248' title='bbox 521 3311 603 3350; x_wconf 86' lang='lat' dir='ltr'>canes</span> <span class='ocrx_word' id='word_1_249' title='bbox 629 3295 703 3349; x_wconf 90' lang='lat' dir='ltr'>enim</span> <span class='ocrx_word' id='word_1_250' title='bbox 726 3295 819 3349; x_wconf 90' lang='lat' dir='ltr'>PAB</span> <span class='ocrx_word' id='word_1_251' title='bbox 842 3296 918 3350; x_wconf 89' lang='lat' dir='ltr'>canis</span> <span class='ocrx_word' id='word_1_252' title='bbox 941 3294 1015 3350; x_wconf 87' lang='lat' dir='ltr'>enim</span> <span class='ocrx_word' id='word_1_253' title='bbox 1039 3295 1132 3350; x_wconf 76' lang='lat' dir='ltr'>A²mo</span> <span class='ocrx_word' id='word_1_254' title='bbox 1205 3301 1222 3349; x_wconf 81' lang='grc'><strong>6</strong></span> <span class='ocrx_word' id='word_1_255' title='bbox 1249 3295 1355 3350; x_wconf 64' lang='lat' dir='ltr'>custo!</span> 
     </span>
     <span class='ocr_line' id='line_1_29' title="bbox 194 3382 1355 3454; baseline -0.001 -16"><span class='ocrx_word' id='word_1_256' title='bbox 194 3383 303 3454; x_wconf 87' lang='lat' dir='ltr'>pecoris</span> <span class='ocrx_word' id='word_1_257' title='bbox 322 3385 383 3439; x_wconf 87' lang='lat' dir='ltr'>AB</span> <span class='ocrx_word' id='word_1_258' title='bbox 402 3386 495 3439; x_wconf 88' lang='lat' dir='ltr'>custos</span> <span class='ocrx_word' id='word_1_259' title='bbox 514 3386 559 3439; x_wconf 88' lang='lat' dir='ltr'>est</span> <span class='ocrx_word' id='word_1_260' title='bbox 576 3385 685 3454; x_wconf 87' lang='lat' dir='ltr'>pecoris</span> <span class='ocrx_word' id='word_1_261' title='bbox 709 3384 736 3437; x_wconf 88' lang='lat' dir='ltr'><em>V</em></span> <span class='ocrx_word' id='word_1_262' title='bbox 805 3386 835 3438; x_wconf 92' lang='lat' dir='ltr'>et</span> <span class='ocrx_word' id='word_1_263' title='bbox 853 3385 912 3439; x_wconf 90' lang='lat' dir='ltr'>eius</span> <span class='ocrx_word' id='word_1_264' title='bbox 931 3384 979 3453; x_wconf 88' lang='lat' dir='ltr'>qui</span> <span class='ocrx_word' id='word_1_265' title='bbox 998 3400 1031 3438; x_wconf 93' lang='lat' dir='ltr'>eo</span> <span class='ocrx_word' id='word_1_266' title='bbox 1051 3383 1154 3439; x_wconf 81' lang='lat' dir='ltr'>comite</span> <span class='ocrx_word' id='word_1_267' title='bbox 1169 3383 1261 3438; x_wconf 86' lang='lat' dir='ltr'>PAB</span> <span class='ocrx_word' id='word_1_268' title='bbox 1280 3382 1355 3439; x_wconf 62' lang='lat' dir='ltr'>ouis</span> 
     </span>
    </p>
   </div>
   <div class='ocr_carea' id='block_1_5' title="bbox 194 3465 1355 4541">
    <p class='ocr_par' dir='ltr' id='par_1_6' title="bbox 194 3465 1355 4541">
     <span class='ocr_line' id='line_1_30' title="bbox 194 3465 1355 3560; baseline 0 -14"><span class='ocrx_word' id='word_1_269' title='bbox 194 3491 269 3560; x_wconf 92' lang='lat' dir='ltr'>quod</span> <span class='ocrx_word' id='word_1_270' title='bbox 287 3508 321 3546; x_wconf 88' lang='lat' dir='ltr'>eo</span> <span class='ocrx_word' id='word_1_271' title='bbox 341 3491 518 3546; x_wconf 85' lang='lat' dir='ltr'>comiteturo</span> <span class='ocrx_word' id='word_1_272' title='bbox 537 3493 569 3544; x_wconf 94' lang='lat' dir='ltr'>ut</span> <span class='ocrx_word' id='word_1_273' title='bbox 587 3492 647 3546; x_wconf 91' lang='lat' dir='ltr'>eius</span> <span class='ocrx_word' id='word_1_274' title='bbox 665 3491 740 3560; x_wconf 91' lang='lat' dir='ltr'>quod</span> <span class='ocrx_word' id='word_1_275' title='bbox 755 3508 787 3546; x_wconf 88' lang='lat' dir='ltr'>eo</span> <span class='ocrx_word' id='word_1_276' title='bbox 802 3491 904 3546; x_wconf 89' lang='lat' dir='ltr'>comite</span> <span class='ocrx_word' id='word_1_277' title='bbox 919 3491 1067 3546; x_wconf 80' lang='lat' dir='ltr'>Iacaadao</span> <span class='ocrx_word' id='word_1_278' title='bbox 1121 3495 1154 3544; x_wconf 89' lang='grc'>12</span> <span class='ocrx_word' id='word_1_279' title='bbox 1171 3465 1355 3560; x_wconf 71' lang='lat' dir='ltr'>pascerotlr⁰.‚·&#39;</span> 
     </span>
     <span class='ocr_line' id='line_1_31' title="bbox 195 3578 1289 3650; baseline -0.002 -14"><span class='ocrx_word' id='word_1_280' title='bbox 195 3583 224 3636; x_wconf 89' lang='lat' dir='ltr'>et</span> <span class='ocrx_word' id='word_1_281' title='bbox 241 3581 365 3636; x_wconf 89' lang='lat' dir='ltr'>uenisset</span> <span class='ocrx_word' id='word_1_282' title='bbox 378 3580 405 3634; x_wconf 91' lang='lat' dir='ltr'><strong><em>A</em></strong></span> <span class='ocrx_word' id='word_1_283' title='bbox 423 3581 582 3649; x_wconf 85' lang='lat' dir='ltr'>pasceretur</span> <span class='ocrx_word' id='word_1_284' title='bbox 600 3597 633 3634; x_wconf 90' lang='lat' dir='ltr'>eo</span> <span class='ocrx_word' id='word_1_285' title='bbox 647 3581 771 3636; x_wconf 90' lang='lat' dir='ltr'>uenisset</span> <span class='ocrx_word' id='word_1_286' title='bbox 784 3580 843 3635; x_wconf 91' lang='lat' dir='ltr'>PB</span> <span class='ocrx_word' id='word_1_287' title='bbox 856 3581 1016 3650; x_wconf 88' lang='lat' dir='ltr'>pasceretur</span> <span class='ocrx_word' id='word_1_288' title='bbox 1031 3596 1120 3648; x_wconf 88' lang='lat' dir='ltr'>eoque</span> <span class='ocrx_word' id='word_1_289' title='bbox 1134 3578 1259 3635; x_wconf 89' lang='lat' dir='ltr'>uenisset</span> <span class='ocrx_word' id='word_1_290' title='bbox 1274 3597 1289 3634; x_wconf 86' lang='lat' dir='ltr'>o</span> 
     </span>
     <span class='ocr_line' id='line_1_32' title="bbox 194 3667 1355 3739; baseline 0.001 -17"><span class='ocrx_word' id='word_1_291' title='bbox 194 3671 276 3739; x_wconf 89' lang='lat' dir='ltr'>lupus</span> <span class='ocrx_word' id='word_1_292' title='bbox 295 3686 345 3723; x_wconf 86' lang='lat' dir='ltr'>om.</span> <span class='ocrx_word' id='word_1_293' title='bbox 360 3669 388 3723; x_wconf 90' lang='lat' dir='ltr'><strong><em>A</em></strong></span> <span class='ocrx_word' id='word_1_294' title='bbox 435 3673 467 3722; x_wconf 88' lang='grc'>13</span> <span class='ocrx_word' id='word_1_295' title='bbox 487 3667 702 3725; x_wconf 88' lang='lat' dir='ltr'>circumfluxisse</span> <span class='ocrx_word' id='word_1_296' title='bbox 720 3669 776 3724; x_wconf 89' lang='lat' dir='ltr'>VB</span> <span class='ocrx_word' id='word_1_297' title='bbox 789 3667 1017 3724; x_wconf 88' lang='lat' dir='ltr'>circumfluxisset</span> <span class='ocrx_word' id='word_1_298' title='bbox 1032 3670 1091 3723; x_wconf 88' lang='lat' dir='ltr'>Am</span> <span class='ocrx_word' id='word_1_299' title='bbox 1137 3667 1273 3723; x_wconf 89' lang='lat' dir='ltr'>occidisse</span> <span class='ocrx_word' id='word_1_300' title='bbox 1291 3667 1355 3723; x_wconf 80' lang='lat' dir='ltr'>VH</span> 
     </span>
     <span class='ocr_line' id='line_1_33' title="bbox 196 3755 1355 3828; baseline -0.001 -17"><span class='ocrx_word' id='word_1_301' title='bbox 196 3757 346 3812; x_wconf 89' lang='lat' dir='ltr'>occidisset</span> <span class='ocrx_word' id='word_1_302' title='bbox 359 3758 418 3811; x_wconf 80' lang='lat' dir='ltr'>Aac</span> <span class='ocrx_word' id='word_1_303' title='bbox 465 3762 498 3810; x_wconf 85' lang='lat'>14</span> <span class='ocrx_word' id='word_1_304' title='bbox 512 3755 655 3828; x_wconf 86' lang='lat' dir='ltr'>adversos]</span> <span class='ocrx_word' id='word_1_305' title='bbox 670 3757 795 3813; x_wconf 88' lang='lat' dir='ltr'>diuersos</span> <span class='ocrx_word' id='word_1_306' title='bbox 816 3757 904 3811; x_wconf 90' lang='lat' dir='ltr'>VAB</span> <span class='ocrx_word' id='word_1_307' title='bbox 947 3756 1082 3811; x_wconf 82' lang='lat' dir='ltr'>adsistere</span> <span class='ocrx_word' id='word_1_308' title='bbox 1096 3757 1157 3812; x_wconf 89' lang='lat' dir='ltr'>AB</span> <span class='ocrx_word' id='word_1_309' title='bbox 1171 3758 1302 3813; x_wconf 83' lang='lat' dir='ltr'>assistere</span> <span class='ocrx_word' id='word_1_310' title='bbox 1316 3756 1355 3810; x_wconf 68' lang='lat' dir='ltr'>H</span> 
     </span>
     <span class='ocr_line' id='line_1_34' title="bbox 268 3845 1355 3902; baseline -0.005 -2"><span class='ocrx_word' id='word_1_311' title='bbox 268 3852 300 3900; x_wconf 86' lang='grc'>16</span> <span class='ocrx_word' id='word_1_312' title='bbox 315 3846 351 3900; x_wconf 86' lang='lat' dir='ltr'>ad</span> <span class='ocrx_word' id='word_1_313' title='bbox 365 3846 439 3901; x_wconf 81' lang='lat' dir='ltr'>ieras</span> <span class='ocrx_word' id='word_1_314' title='bbox 453 3845 579 3900; x_wconf 89' lang='lat' dir='ltr'>bestibus</span> <span class='ocrx_word' id='word_1_315' title='bbox 594 3846 801 3902; x_wconf 85' lang='lat' dir='ltr'>assiluestribus</span> <span class='ocrx_word' id='word_1_316' title='bbox 815 3847 991 3900; x_wconf 87' lang='lat' dir='ltr'>assiluestres</span> <span class='ocrx_word' id='word_1_317' title='bbox 1005 3845 1062 3899; x_wconf 92' lang='lat' dir='ltr'>PB</span> <span class='ocrx_word' id='word_1_318' title='bbox 1077 3846 1202 3901; x_wconf 83' lang='lat' dir='ltr'>adferas</span> <span class='ocrx_word' id='word_1_319' title='bbox 1216 3846 1334 3902; x_wconf 78' lang='lat' dir='ltr'>bestibur</span> <span class='ocrx_word' id='word_1_320' title='bbox 1351 3890 1355 3896; x_wconf 89' lang='lat'><em>.</em></span> 
     </span>
     <span class='ocr_line' id='line_1_35' title="bbox 196 3931 1355 4006; baseline -0.002 -15"><span class='ocrx_word' id='word_1_321' title='bbox 196 3940 275 4006; x_wconf 73' lang='lat' dir='ltr'>(corr,</span> <span class='ocrx_word' id='word_1_322' title='bbox 295 3934 401 3990; x_wconf 81' lang='lat' dir='ltr'>bestias</span> <span class='ocrx_word' id='word_1_323' title='bbox 419 3935 471 4003; x_wconf 70' lang='lat' dir='ltr'>Al)</span> <span class='ocrx_word' id='word_1_324' title='bbox 496 3933 704 3989; x_wconf 87' lang='lat' dir='ltr'>assiluestribus</span> <span class='ocrx_word' id='word_1_325' title='bbox 728 3935 888 3990; x_wconf 87' lang='lat' dir='ltr'>asiluestres</span> <span class='ocrx_word' id='word_1_326' title='bbox 907 3934 935 3989; x_wconf 89' lang='lat' dir='ltr'><strong><em>A</em></strong></span> <span class='ocrx_word' id='word_1_327' title='bbox 958 3934 995 3988; x_wconf 87' lang='lat' dir='ltr'>ad</span> <span class='ocrx_word' id='word_1_328' title='bbox 1018 3935 1091 3989; x_wconf 85' lang='lat' dir='ltr'>feras</span> <span class='ocrx_word' id='word_1_329' title='bbox 1114 3934 1221 3990; x_wconf 87' lang='lat' dir='ltr'>bestias</span> <span class='ocrx_word' id='word_1_330' title='bbox 1245 3937 1275 3989; x_wconf 84' lang='lat' dir='ltr'>et</span> <span class='ocrx_word' id='word_1_331' title='bbox 1295 3931 1355 3989; x_wconf 68' lang='lat' dir='ltr'>si!</span> 
     </span>
     <span class='ocr_line' id='line_1_36' title="bbox 195 4020 1355 4093; baseline -0.003 -13"><span class='ocrx_word' id='word_1_332' title='bbox 195 4028 302 4080; x_wconf 80' lang='lat' dir='ltr'>uestros</span> <span class='ocrx_word' id='word_1_333' title='bbox 320 4042 347 4080; x_wconf 84' lang='lat' dir='ltr'>ra</span> <span class='ocrx_word' id='word_1_334' title='bbox 366 4025 403 4078; x_wconf 81' lang='lat' dir='ltr'>od</span> <span class='ocrx_word' id='word_1_335' title='bbox 421 4024 493 4078; x_wconf 85' lang='lat' dir='ltr'>feras</span> <span class='ocrx_word' id='word_1_336' title='bbox 512 4040 545 4078; x_wconf 88' lang='lat' dir='ltr'>ac</span> <span class='ocrx_word' id='word_1_337' title='bbox 563 4022 705 4078; x_wconf 87' lang='lat' dir='ltr'>siluestres</span> <span class='ocrx_word' id='word_1_338' title='bbox 723 4041 748 4078; x_wconf 87' lang='lat' dir='ltr'>o.</span> <span class='ocrx_word' id='word_1_339' title='bbox 787 4023 924 4079; x_wconf 86' lang='lat' dir='ltr'>‘Pertinet</span> <span class='ocrx_word' id='word_1_340' title='bbox 942 4024 978 4077; x_wconf 89' lang='lat' dir='ltr'>ad</span> <span class='ocrx_word' id='word_1_341' title='bbox 997 4024 1070 4078; x_wconf 83' lang='lat' dir='ltr'>feras</span> <span class='ocrx_word' id='word_1_342' title='bbox 1089 4023 1209 4090; x_wconf 84' lang='lat' dir='ltr'>bestias,</span> <span class='ocrx_word' id='word_1_343' title='bbox 1235 4041 1269 4078; x_wconf 88' lang='lat' dir='ltr'>ac</span> <span class='ocrx_word' id='word_1_344' title='bbox 1286 4020 1355 4093; x_wconf 73' lang='lat' dir='ltr'>syl!</span> 
     </span>
     <span class='ocr_line' id='line_1_37' title="bbox 195 4113 1355 4183; baseline -0.003 -12"><span class='ocrx_word' id='word_1_345' title='bbox 195 4120 309 4171; x_wconf 81' lang='lat' dir='ltr'>uestras.</span> <span class='ocrx_word' id='word_1_346' title='bbox 348 4117 388 4169; x_wconf 84' lang='lat' dir='ltr'>Ia</span> <span class='ocrx_word' id='word_1_347' title='bbox 410 4116 525 4181; x_wconf 86' lang='lat' dir='ltr'>maiore,</span> <span class='ocrx_word' id='word_1_348' title='bbox 552 4130 584 4168; x_wconf 90' lang='lat' dir='ltr'>ac</span> <span class='ocrx_word' id='word_1_349' title='bbox 606 4115 714 4168; x_wconf 84' lang='lat' dir='ltr'>meliore</span> <span class='ocrx_word' id='word_1_350' title='bbox 737 4115 870 4168; x_wconf 79' lang='lat' dir='ltr'>librorum</span> <span class='ocrx_word' id='word_1_351' title='bbox 888 4119 971 4183; x_wconf 85' lang='lat' dir='ltr'>parte</span> <span class='ocrx_word' id='word_1_352' title='bbox 991 4114 1037 4169; x_wconf 83' lang='lat' dir='ltr'>la&#39;c</span> <span class='ocrx_word' id='word_1_353' title='bbox 1059 4114 1133 4168; x_wconf 67' lang='lat' dir='ltr'>bacas</span> <span class='ocrx_word' id='word_1_354' title='bbox 1156 4115 1275 4183; x_wconf 77' lang='lat' dir='ltr'>turpiter</span> <span class='ocrx_word' id='word_1_355' title='bbox 1295 4113 1355 4166; x_wconf 77' lang='lat' dir='ltr'>rit-</span> 
     </span>
     <span class='ocr_line' id='line_1_38' title="bbox 194 4201 1355 4275; baseline -0.003 -16"><span class='ocrx_word' id='word_1_356' title='bbox 194 4207 325 4275; x_wconf 81' lang='lat' dir='ltr'>paiaatao</span> <span class='ocrx_word' id='word_1_357' title='bbox 347 4211 386 4259; x_wconf 84' lang='lat' dir='ltr'>est</span> <span class='ocrx_word' id='word_1_358' title='bbox 401 4226 407 4258; x_wconf 91' lang='lat'>:</span> <span class='ocrx_word' id='word_1_359' title='bbox 423 4203 466 4257; x_wconf 84' lang='lat' dir='ltr'>Ad</span> <span class='ocrx_word' id='word_1_360' title='bbox 485 4203 559 4257; x_wconf 84' lang='lat' dir='ltr'>feras</span> <span class='ocrx_word' id='word_1_361' title='bbox 578 4201 705 4257; x_wconf 88' lang='lat' dir='ltr'>bestibus</span> <span class='ocrx_word' id='word_1_362' title='bbox 724 4201 931 4257; x_wconf 86' lang='lat' dir='ltr'>assiluestribus</span> <span class='ocrx_word' id='word_1_363' title='bbox 950 4201 1135 4257; x_wconf 86' lang='lat' dir='ltr'>assiluestres.</span> <span class='ocrx_word' id='word_1_364' title='bbox 1171 4201 1232 4256; x_wconf 89' lang='lat' dir='ltr'>Nec</span> <span class='ocrx_word' id='word_1_365' title='bbox 1252 4209 1355 4256; x_wconf 76' lang='lat' dir='ltr'>roar-</span> 
     </span>
     <span class='ocr_line' id='line_1_39' title="bbox 194 4281 1355 4361; baseline -0.003 -14"><span class='ocrx_word' id='word_1_366' title='bbox 194 4296 317 4348; x_wconf 83' lang='lat' dir='ltr'>maculae</span> <span class='ocrx_word' id='word_1_367' title='bbox 334 4294 424 4361; x_wconf 79' lang='lat' dir='ltr'>ipsias</span> <span class='ocrx_word' id='word_1_368' title='bbox 441 4292 585 4346; x_wconf 77' lang='lat' dir='ltr'>librarioru</span> <span class='ocrx_word' id='word_1_369' title='bbox 600 4293 837 4347; x_wconf 78' lang='lat' dir='ltr'>accuratissimam</span> <span class='ocrx_word' id='word_1_370' title='bbox 850 4293 1005 4359; x_wconf 73' lang='lat' dir='ltr'>fefellerant</span> <span class='ocrx_word' id='word_1_371' title='bbox 1018 4312 1026 4343; x_wconf 90' lang='lat'><em>:</em></span> <span class='ocrx_word' id='word_1_372' title='bbox 1040 4292 1078 4346; x_wconf 81' lang='lat' dir='ltr'>ad</span> <span class='ocrx_word' id='word_1_373' title='bbox 1091 4307 1152 4345; x_wconf 86' lang='lat' dir='ltr'>eam</span> <span class='ocrx_word' id='word_1_374' title='bbox 1165 4291 1238 4344; x_wconf 82' lang='lat' dir='ltr'>caim</span> <span class='ocrx_word' id='word_1_375' title='bbox 1251 4281 1355 4343; x_wconf 61' lang='lat' dir='ltr'>meai</span> 
     </span>
     <span class='ocr_line' id='line_1_40' title="bbox 195 4377 1355 4451; baseline -0.006 -16"><span class='ocrx_word' id='word_1_376' title='bbox 195 4388 288 4436; x_wconf 80' lang='lat' dir='ltr'>aotam</span> <span class='ocrx_word' id='word_1_377' title='bbox 311 4383 446 4450; x_wconf 79' lang='lat' dir='ltr'>adposuit.</span> <span class='ocrx_word' id='word_1_378' title='bbox 484 4383 524 4436; x_wconf 82' lang='lat' dir='ltr'>Ia</span> <span class='ocrx_word' id='word_1_379' title='bbox 546 4399 602 4436; x_wconf 79' lang='lat' dir='ltr'>arto</span> <span class='ocrx_word' id='word_1_380' title='bbox 625 4388 733 4436; x_wconf 79' lang='lat' dir='ltr'>tantam</span> <span class='ocrx_word' id='word_1_381' title='bbox 755 4399 841 4437; x_wconf 84' lang='lat' dir='ltr'>meaa</span> <span class='ocrx_word' id='word_1_382' title='bbox 863 4383 965 4451; x_wconf 81' lang='lat' dir='ltr'>scripto</span> <span class='ocrx_word' id='word_1_383' title='bbox 987 4386 1120 4450; x_wconf 83' lang='lat' dir='ltr'>receptam</span> <span class='ocrx_word' id='word_1_384' title='bbox 1143 4380 1281 4434; x_wconf 76' lang='lat' dir='ltr'>lectionem</span> <span class='ocrx_word' id='word_1_385' title='bbox 1296 4377 1355 4430; x_wconf 82' lang='lat' dir='ltr'>ir-</span> 
     </span>
     <span class='ocr_line' id='line_1_41' title="bbox 195 4462 1355 4541; baseline -0.007 -16"><span class='ocrx_word' id='word_1_386' title='bbox 195 4470 270 4525; x_wconf 83' lang='lat' dir='ltr'>acai’</span> <span class='ocrx_word' id='word_1_387' title='bbox 292 4469 428 4524; x_wconf 84' lang='lat' dir='ltr'>Victorias</span> <span class='ocrx_word' id='word_1_388' title='bbox 499 4477 533 4526; x_wconf 88' lang='grc'>20</span> <span class='ocrx_word' id='word_1_389' title='bbox 553 4488 751 4541; x_wconf 87' lang='lat' dir='ltr'>nonnunquam</span> <span class='ocrx_word' id='word_1_390' title='bbox 770 4471 797 4524; x_wconf 90' lang='lat' dir='ltr'><em>V</em></span> <span class='ocrx_word' id='word_1_391' title='bbox 866 4475 898 4525; x_wconf 90' lang='grc'>21</span> <span class='ocrx_word' id='word_1_392' title='bbox 919 4467 1053 4538; x_wconf 77' lang='lat' dir='ltr'>formonsi</span> <span class='ocrx_word' id='word_1_393' title='bbox 1067 4468 1103 4533; x_wconf 89' lang='lat' dir='ltr'>A,</span> <span class='ocrx_word' id='word_1_394' title='bbox 1118 4486 1136 4521; x_wconf 95' lang='lat' dir='ltr'>n</span> <span class='ocrx_word' id='word_1_395' title='bbox 1150 4462 1355 4537; x_wconf 66' lang='lat' dir='ltr'>expansa,-</span> 
     </span>
    </p>
   </div>
   <div class='ocr_carea' id='block_1_6' title="bbox 0 0 1508 5026">
    <p class='ocr_par' dir='ltr' id='par_1_7' title="bbox 0 0 1508 5026">
     <span class='ocr_line' id='line_1_42' title="bbox 0 0 1508 5026; baseline 0 0"><span class='ocrx_word' id='word_1_396' title='bbox 0 0 1508 5026; x_wconf 95' lang='lat' dir='ltr'> </span> 
     </span>
    </p>
   </div>
  </div>
 </body>
</html>
