3000 5026
401 349 449 404 DE
469 347 556 405 AGRI
577 345 745 404 CVLTVRA
765 349 793 405 0.
814 349 942 410 45-50
1196 345 1236 410 51

184 515 351 577 Pomarium
377 520 567 578 seminarium
590 517 625 577 ad
650 517 775 578 eundem
800 517 920 577 modum
939 525 1027 596 atque
1052 516 1235 595 oleagineum
1254 514 1363 572 XbVlll

114 624 192 682 acilo.
230 643 317 684 suum
341 625 485 704 quidquid
509 643 603 703 genus
628 625 770 685 talearum
794 627 894 685 serito.

185 730 291 791 Semen
307 735 441 811 cupressi
461 732 512 792 ubi
531 751 626 812 sereS,
649 732 758 811 bipalio
778 735 893 792 vertitu.
935 750 1003 792 vere
1022 734 1118 810 primo
1139 733 1237 792 serito.

114 853 200 897 »orcas
224 837 314 914 pedes
338 841 445 917 quinos
468 838 541 898 latas
565 839 661 919 facito,
685 858 719 899 eo
739 822 855 900 stemus
870 840 1018 899 minutum
1038 837 1145 919 addito,
1170 856 1238 897 con·
1264 848 1281 903 2

115 944 185 1002 arito
209 942 369 1022 glebasque
394 947 585 1005 conminuito.
626 964 747 1025 porcam
770 944 885 1024 planam
906 945 1002 1026 iacito,
1026 944 1146 1022 paulum
1171 962 1238 1004 con·

114 1065 204 1110 avam.
245 1058 309 1110 tum
338 1070 439 1112 semen
467 1054 558 1112 serito
588 1052 726 1114 crebrum
754 1059 905 1131 tamquam
932 1051 1038 1134 linum,
1070 1070 1105 1111 eo
1128 1059 1238 1112 terram

114 1156 194 1217 :ribro
217 1160 365 1218 incernito
389 1160 476 1220 altam
505 1160 630 1239 digitum
658 1168 868 1221 transversum.
911 1178 974 1220 eam
1003 1168 1112 1220 terram
1140 1159 1240 1219 tabula

114 1263 286 1343 etpedibus
303 1266 487 1347 conplanato,
512 1267 610 1327 fureas
625 1269 739 1327 circum
755 1268 875 1348 offigito,
890 1286 924 1327 eo
938 1270 1067 1347 perticas
1084 1267 1239 1347 intendito,

114 1386 136 1425 ÷o
157 1380 303 1432 sarmenta
327 1381 377 1432 aut
401 1375 491 1433 cratis
511 1374 626 1433 licarias
645 1375 792 1459 inponito,
817 1393 891 1454 quae
910 1375 1005 1453 lrigns
1029 1360 1187 1434 defendant
1210 1380 1240 1433 et

114 1474 196 1538 olem.
233 1480 278 1538 uti
303 1479 408 1540 subtus
431 1480 519 1540 homo
543 1480 693 1540 ambulare
716 1483 811 1560 possit
835 1483 931 1542 iacito.
978 1481 1083 1542 crebro
1107 1487 1239 1551 runcato,

117 1585 184 1646 imul
206 1586 316 1647 herbae
332 1589 499 1666 inceperint
518 1590 613 1668 nasci,
637 1589 765 1648 eximito.
802 1607 870 1648 nam
885 1591 911 1648 si
924 1589 1046 1649 herbam
1062 1589 1166 1648 duram
1181 1586 1240 1647 vel-

114 1708 149 1770 es,
171 1712 330 1772 cupressos
354 1694 442 1754 simul
466 1694 582 1755 evelles.

185 1801 227 1860 Ad
247 1801 375 1861 eundem
394 1802 513 1861 modum
534 1819 634 1861 semen
649 1803 796 1882 pirorum,
816 1803 960 1863 malorum
975 1805 1065 1862 serito
1080 1804 1239 1881 tegitoque.
1263 1810 1282 1867 3

114 1922 188 1967 uces
211 1910 314 1986 pineas
338 1908 373 1967 ad
397 1909 524 1968 eundem
548 1909 669 1968 modum
693 1911 751 1968 nisi
774 1917 923 1988 tamquam
947 1909 1036 1969 alium
1061 1912 1160 1969 serito.

186 2013 306 2099 Vineam
330 2023 459 2095 ueterem
479 2018 511 2077 si
519 2018 555 2077 ,in
574 2014 963 2092 aliumlocumtranslerrn
971 2016 1064 2097 10165,
1088 2016 1240 2093 diffidabat
1258 2020 1380 2078 ΧΙΝΙΙΠ

114 2120 250 2204 'achiam
280 2139 415 2200 *crassam
444 2121 555 2183 licebit.
596 2123 725 2200 primum
754 2121 907 2203 deputato,
936 2093 1178 2200 binas-gemmas
1202 2140 1239 2182 ne

114 2225 221 2300 aplius
244 2227 414 2306 relinquito.
452 2247 485 2287 ex
502 2228 652 2289 radicibus
667 2228 742 2289 bene
757 2229 900 2310 exfodito,
923 2247 1018 2309 usque
1040 2229 1154 2288 radices
1173 2247 1238 2307 per·
1263 2230 1281 2285 2

114 2336 212 2407 quito
236 2342 266 2394 et
285 2343 386 2395 caveto
406 2354 442 2394 ne
462 2336 576 2395 radices
593 2337 716 2396 saucies.
753 2338 793 2396 ita
808 2339 853 2396 uti
867 2337 957 2398 luerit
971 2338 1073 2415 ponito
1088 2337 1123 2405 in¹
1134 2335 1239 2396 scrobe

116 2441 130 2492 t
167 2443 200 2500 in
221 2442 302 2502 sulco
323 2444 497 2520 operitoque
513 2449 542 2501 et
556 2441 632 2502 bene
647 2443 813 2522 occulcato,
837 2441 999 2522 eodemque
1019 2442 1105 2502 modo
1124 2445 1239 2502 vineam

114 2549 232 2628 ituito,
258 2548 375 2626 alligato
399 2548 577 2629 llexatoqne,
601 2552 646 2609 uti
669 2551 772 2630 fuerit,
797 2550 963 2630 crebroque
987 2549 1088 2611 lodito.

185 2655 271 2714 Prata
294 2657 391 2733 primo
416 2675 483 2715 vere
508 2664 671 2716 stercorato
699 2657 769 2717 luna
797 2657 904 2718 silenti.
935 2677 1009 2737 quae
1033 2632 1162 2736 inrigiva'
1181 2663 1278 2717 nonii

160 2814 183 2860 3
204 2810 304 2864 Semen
324 2809 445 2879 cupressi
464 2827 485 2864 c.
505 2813 556 2863 151
648 2815 664 2863 8
683 2811 774 2864 furcas
794 2810 898 2865 circum
917 2811 1024 2880 offigibo
1045 2810 1122 2865 Ptin.
1142 2816 1186 2878 17,
1206 2815 1238 2866 71

162 2904 201 2952 15
220 2899 338 2952 Vineam
357 2898 432 2952 Puu.
452 2903 496 2963 17,
514 2903 570 2951 198
642 2903 675 2950 21
695 2898 780 2950 Prata
798 2913 819 2951 c.
839 2903 879 2952 29
899 2898 974 2952 Plio.
994 2904 1040 2965 18,
1059 2904 1116 2954 243

114 2992 311 3011 x—

160 3047 180 3092 Ι1
202 3042 233 3096 R.
254 3042 316 3094 LVI
340 3040 498 3094 Pomarium
517 3037 695 3093 seminarium
714 3039 791 3093 APb
817 3038 930 3092 Semina
948 3039 1071 3107 cupressi
1090 3039 1144 3107 piri
1161 3039 1239 3093 nucis

128 3127 204 3190 pini
224 3133 252 3184 eb
270 3131 443 3183 caeterarum
463 3128 593 3182 arborum
612 3127 733 3196 qualiter
751 3128 878 3182 serantur
896 3144 928 3181 uc
948 3127 1129 3183 foueanturo

114 3225 188 3278 que
207 3219 384 3288 oleagineum
404 3219 492 3272 PAR
511 3220 595 3287 atque
615 3218 775 3288 oleaginum
794 3236 810 3272 o
900 3224 915 3271 2
935 3217 1066 3286 quidquid
1089 3219 1144 3273 PA
1164 3218 1239 3288 quic-

114 3296 392 3377 1idun0dqueo
470 3307 607 3362 3uertibo
629 3307 719 3361 PAR
738 3307 877 3362 uortitov
959 3307 1176 3362 oeomminuibo
1194 3309 1241 3361 Ac

114 3398 267 3452 ›mminuto
288 3399 302 3451 b
323 3396 492 3452 communito
517 3397 543 3450 V
648 3403 663 3450 6
683 3397 767 3451 serito
787 3398 913 3451 crebrum
931 3395 1010 3463 infra
1029 3413 1050 3450 c.
1069 3401 1138 3463 151,
1158 3395 1241 3450 serito

114 3473 189 3539 r'lbra
207 3487 255 3541 Ro
280 3485 365 3541 serito
385 3487 461 3541 cribo
482 3486 540 3538 ΡΑ
613 3491 630 3539 8
649 3485 817 3554 conplanato
842 3486 869 3538 V
892 3486 1069 3555 complanato
1088 3485 1148 3539 AR

114 3571 119 3609 l
139 3578 276 3631 sarmenta
296 3593 364 3632 corr.
385 3577 525 3630 sarmenta
543 3575 570 3626 A
641 3573 768 3643 inponito
788 3574 815 3626 A
834 3573 970 3644 imponito
991 3573 1046 3627 VR
1120 3580 1151 3626 11
1166 3573 1240 3626 ince-

114 3659 193 3718 derint
214 3666 272 3719 AR
302 3664 445 3733 coeperint
469 3664 495 3717 V
583 3668 616 3716 12
635 3662 753 3732 evelles]
777 3661 892 3717 eluelles
916 3680 985 3718 corr.
1009 3663 1112 3718 auelles
1130 3663 1157 3716 A

116 3745 146 3796 13
162 3750 290 3807 malorum
309 3772 325 3806 o
344 3752 481 3806 maiorum
499 3752 590 3805 PAR
662 3751 806 3820 begiioque
831 3751 886 3804 VR
904 3753 995 3820 tegito
1014 3754 1040 3807 A
1119 3756 1152 3805 14
1170 3753 1240 3805 tam-

117 3846 187 3901 quam
203 3844 229 3895 A
249 3847 384 3910 tanquam
409 3841 464 3894 VR

177 3937 205 3984 15
223 3932 299 3985 LVll
318 3931 360 3984 De
381 3930 462 3986 uinea
480 3932 573 3985 uetere
592 3931 673 3984 APb
703 3931 751 3984 Uti
774 3931 856 3985 uinea
878 3931 960 3983 uetus
984 3930 1018 3983 de
1042 3930 1104 3984 loco
1124 3930 1240 3984 transfe-

120 4023 179 4076 ratur
195 4041 210 4075 e
299 4020 435 4075 transfere
453 4020 480 4072 A
567 4011 604 4074 'ta
625 4038 657 4074 ex
675 4019 814 4073 radicibus
839 4018 882 4072 Vb
902 4020 931 4070 eb
948 4004 1088 4072 radicibus
1107 4019 1154 4071 Ae

120 4108 222 4165 exfodito
245 4110 335 4163 PAR
354 4108 465 4163 effodite
485 4127 501 4162 o
573 4109 734 4177 persequilo
756 4107 851 4160 VAbc
869 4104 1043 4175 persequitor
1061 4104 1206 4159 Iucundos

115 4207 141 4258 19
157 4201 235 4271 bene]
255 4201 290 4253 be
310 4200 337 4251 A
408 4204 442 4251 20
461 4199 493 4251 ub
510 4196 596 4250 fuerit
615 4199 752 4265 ereboque
772 4197 799 4250 A
1181 4186 1183 4190 ’

173 4296 205 4344 ‘21
226 4289 251 4340 R
270 4289 357 4342 LVlll
376 4289 460 4341 Prata
479 4287 620 4355 quomodo
640 4289 826 4341 stercorentur
839 4285 921 4340 APb
941 4285 1026 4339 Prata
1041 4286 1180 4354 quomodo
1200 4301 1241 4338 se-

114 4383 225 4445 ,neure
272 4379 423 4431 stercorato
438 4379 475 4430 bo
494 4378 645 4430 stercorato
656 4376 750 4442 PAcf
795 4376 861 4430 luna
879 4375 978 4429 silente
998 4391 1066 4428 corr.
1086 4374 1158 4429 -liA
1177 4376 1243 4428 luna

114 4471 213 4532 ilien‘oe
226 4467 340 4520 Plinius
355 4471 400 4532 18,
414 4471 470 4521 243
520 4465 642 4534 inrigiua
653 4466 681 4518 P
692 4463 870 4534 inriguaAR
883 4463 1015 4532 irriguae
1034 4464 1115 4534 rigua
1131 4465 1243 4517 Plinius

995 4553 1030 4607 4ss
