3000 5026
259 336 325 400 282
352 351 355 355 ’
750 335 937 390 VARRONIS

257 523 274 565 a
307 503 427 564 cardine
459 504 495 564 ad
524 503 626 565 orbem
654 505 694 564 ita
724 511 870 611 mqvetur,
904 511 937 563 ut
964 520 1033 562 eum
1061 509 1160 578 tangat
1182 510 1325 582 uentum,
1353 504 1408 581 qui

257 611 321 691 llet,
344 618 379 672 ut
400 613 482 672 intus
505 613 582 673 scire
606 613 712 689 possis.

211 721 250 778 18
351 717 424 779 Cum
452 717 525 778 haec
552 717 757 798 loqueremur,
785 717 895 778 clamor
923 718 956 776 fit
983 719 1012 777 in
1041 734 1154 795 campo.
1199 735 1255 777 nos
1277 716 1408 778 athletae

257 827 446 886 comitiorum
481 824 567 902 [ima]
601 843 669 886 curn
700 824 730 884 id
763 826 829 885 lieri
861 842 920 885 non
948 825 1125 884 miraremur
1153 832 1277 903 propter
1307 825 1408 887 studia

258 932 498 1011 suffragatorum,
522 938 673 1015 egianpen
698 933 775 1015 sepe
799 930 954 1020 vellemus,
978 929 1048 1014 qujd
1073 937 1160 1018 esset,
1184 933 1266 992 venit
1288 931 1325 992 ad
1350 951 1433 993 noso

258 1036 432 1098 Pantuleius
455 1037 558 1118 Parra,
588 1044 690 1098 narrat
718 1036 753 1097 ad
782 1036 925 1117 tabulam,
954 1055 1021 1097 cunr
1050 1035 1228 1119 diriherent,
1257 1039 1408 1117 quendam

259 1143 438 1222 deprensum
466 1143 629 1205 tesserulae
657 1145 832 1205 coicientem
862 1145 893 1203 in
922 1142 1065 1221 loculum,
1094 1161 1162 1204 eum
1190 1144 1227 1204 ad
1251 1145 1408 1206 consulem

260 1258 388 1311 tractum
411 1268 427 1310 a
451 1250 618 1312 fautoribus
641 1252 869 1329 conpetitorum.
916 1249 992 1310 Pavo
1017 1251 1121 1330 surgit,
1146 1250 1224 1330 quod
1250 1253 1315 1312 eius
1337 1271 1409 1313 can·

170 1430 173 1434 .
260 1356 352 1418 didati
375 1365 477 1418 custos
501 1357 655 1419 dicebatur
679 1358 852 1436 deprensus.

216 1463 251 1522 Vl
350 1466 451 1545 Axius,
475 1463 516 1524 lle
539 1463 711 1544 pavonibus,
737 1465 844 1544 inquit,
867 1462 959 1524 libere
982 1464 1053 1525 lieet
1071 1464 1161 1545 dicas,
1185 1467 1324 1545 quoniam
1348 1467 1409 1527 dis·
1424 1489 1451 1530 to

257 1574 348 1633 cessit
367 1571 531 1649 Fircellius,
556 1573 616 1650 qui,
640 1588 728 1631 secus
748 1569 846 1649 siquid
865 1569 982 1631 diceres
1000 1569 1037 1631 de
1055 1573 1101 1651 iis,
1124 1571 1298 1650 gentilitatis
1317 1592 1409 1635 causa

247 1679 384 1739 ¹lortasse
413 1697 449 1739 an
479 1688 577 1738 tecum
605 1677 728 1738 duceret
755 1695 876 1738 serram.
923 1676 999 1748 Quoi
1023 1676 1148 1758 Merula,
1176 1678 1218 1739 lle
1241 1679 1409 1758 pavonibus

257 1794 358 1847 nostra
387 1787 541 1865 memoria,
573 1786 683 1864 inquit,
711 1802 816 1863 greges
844 1783 948 1844 haberi
976 1787 1075 1863 coepti
1103 1794 1132 1846 et
1160 1789 1260 1846 venire
1289 1805 1409 1866 magno.

258 1911 294 1952 ex
318 1895 355 1953 iis
379 1892 414 1952 M.
436 1891 570 1952 Aufidius
589 1891 687 1952 Lurco
711 1909 800 1969 supra
824 1908 970 1969 sexagena
993 1891 1071 1952 milia
1095 1910 1249 1954 nummum
1272 1895 1304 1953 in
1327 1912 1409 1954 anno

258 2000 367 2060 dicitur
394 2018 509 2078 capere.
555 2000 576 2058 ii
605 1998 754 2078 aliquanto
783 1999 939 2076 pauciores
968 2016 1033 2059 esse
1062 1998 1172 2070 debent
1193 2018 1293 2061 maros
1316 2019 1409 2080 quam
1424 2022 1450 2061 15

258 2107 395 2187 laminae,
420 2107 444 2166 si
468 2106 503 2166 ad
528 2107 659 2168 lruoturn
682 2114 814 2186 spectes3
839 2108 864 2166 si
886 2106 922 2166 ad
947 2105 1182 2188 delectationem,
1205 2114 1324 2168 contra:
1350 2109 1409 2168 lor·

1240 2248 1309 2273 ,aa

328 2338 343 2387 7
363 2332 487 2387 loculum
507 2331 612 2386 Charis.
628 2350 659 2401 p.
679 2336 728 2398 79,
747 2336 786 2386 21

329 2428 363 2476 14
381 2439 415 2477 ex
433 2422 467 2475 iis
487 2422 524 2476 M.
544 2421 670 2476 Aufidius
689 2422 779 2476 Lurco
795 2421 873 2476 Plin.
893 2425 940 2490 10,
960 2425 995 2477 45

329 2598 478 2653 tacendi
494 2601 498 2669 Ι
514 2599 551 2653 ad
569 2599 665 2654 orbem
679 2599 708 2654 A
760 2603 910 2654 mouentur
923 2600 950 2654 A
1004 2598 1052 2668 qui
1070 2599 1119 2655 flet
1132 2599 1189 2654 PB
1203 2597 1252 2668 qui
1265 2599 1335 2656 fluet
1349 2599 1411 2656 Am

256 2689 304 2758 qui
322 2688 407 2743 flatu

346 2783 361 2831 3
386 2774 510 2832 athletae
530 2779 677 2833 Iucundos
700 2777 826 2833 athletae
846 2779 905 2833 ΡΒ
927 2781 958 2834 at
980 2779 1066 2832 huete
1085 2777 1112 2833 A
1135 2796 1152 2833 a
1172 2777 1297 2834 ihieteu
1392 2786 1411 2836 4

257 2864 464 2932 commitiorum
484 2865 515 2922 A
586 2867 644 2922 ima
669 2868 728 2922 PB
750 2884 807 2923 une.
829 2868 909 2923 Amn
981 2874 997 2922 h
1021 2867 1236 2938 suffragatorum
1263 2867 1290 2922 V
1307 2868 1410 2924 suffra·

255 2959 386 3026 gaiorum
400 2956 461 3011 AB
534 2957 758 3027 Spaniuleiusv
776 2956 896 3028 paninla
915 2956 975 3012 eius
991 2957 1083 3012 PAB
1155 2958 1191 3011 ad
1214 2957 1346 3013 tabulam
1359 2976 1410 3014 mu

255 3048 287 3100 ut
309 3046 437 3101 tabulam
461 3063 529 3103 corr.
555 3045 592 3098 ad
614 3046 740 3101 tabulam
764 3047 793 3102 A
816 3047 972 3102 attubulam
996 3047 1055 3102 PB
1134 3045 1289 3101 diriberent
1313 3047 1411 3104 PAR

256 3133 409 3203 diriperent
431 3151 447 3188 u
521 3142 535 3189 'l
556 3135 724 3205 deprensum
744 3136 807 3190 PB
829 3137 991 3206 depressum
1010 3135 1069 3190 Ant
1093 3136 1296 3206 deprehensum
1316 3153 1334 3191 u

256 3222 422 3278 coiciendum
434 3223 528 3279 PAB
543 3223 768 3279 coniiciuntemo
827 3229 843 3277 8
858 3223 1063 3294 conpeditorum
1073 3225 1106 3287 A
1115 3225 1332 3294 competitorum
1350 3224 1411 3283 VB

328 3318 343 3366 9
364 3309 515 3382 deprensus
535 3313 625 3368 PAB
644 3313 868 3384 deprehensuso
1119 3328 1122 3332 “

329 3424 362 3472 10
381 3419 415 3473 de
435 3419 594 3489 paeonibus
611 3437 638 3476 m
656 3426 681 3477 ei
699 3423 731 3475 in
749 3421 873 3490 margine
892 3422 1061 3491 adscriptum
1078 3421 1107 3477 Β
1126 3421 1161 3477 de
1178 3438 1288 3492 panone
1316 3422 1409 3479 VAB

309 3506 402 3576 inquit
419 3507 475 3563 VB
489 3507 587 3575 inquid
601 3509 628 3562 A
681 3507 771 3583 dicas]
787 3508 864 3565 dieat
878 3511 905 3564 A
960 3509 1116 3580 dicessiiA
1172 3517 1203 3565 11
1219 3509 1312 3578 siquid
1322 3511 1407 3570 ABv

256 3594 343 3664 siquid
361 3596 390 3650 P
443 3602 475 3652 12
494 3597 614 3652 fortasse
628 3598 689 3652 AB
707 3597 832 3654 ludensis
852 3598 879 3653 V
930 3601 995 3654 ante
1015 3616 1078 3654 oum
1097 3599 1211 3655 duceret
1225 3599 1320 3655 PAB
1339 3605 1407 3657 ante

257 3686 406 3739 obduceret
423 3702 478 3739 mu.
517 3685 560 3740 ‘in
578 3687 678 3754 optimo
697 3688 795 3756 codice,
814 3689 938 3758 aliisque,
956 3687 1030 3742 Ante
1049 3706 1112 3743 oum
1131 3688 1253 3757 duceret,
1271 3690 1327 3746 eto.
1365 3691 1408 3746 Iu

256 3774 421 3839 seminatore,
439 3771 512 3828 Ante
532 3773 709 3830 conduceret’
735 3776 873 3832 Victorius
953 3774 1032 3848 quoi]
1052 3774 1101 3844 qui
1124 3777 1214 3831 VAB
1294 3779 1407 3843 merula

256 3861 298 3916 De
321 3861 477 3931 paeonibus
493 3866 497 3932 Ι
514 3862 555 3918 De
578 3864 733 3933 paeonibus
761 3867 871 3938 nostra,
901 3867 948 3920 sed
970 3867 1065 3935 priore
1092 3867 1148 3921 ioco
1176 3866 1218 3921 De
1245 3852 1406 3936 paeonibus

256 3951 369 4006 rubrica
386 3952 517 4022 scriptum
536 3952 563 4007 A
637 3959 669 4008 13
688 3953 780 4022 inquit
798 3955 847 4010 Bu
864 3953 963 4022 inquid
982 3955 1040 4009 PA
1112 3952 1212 4010 haberi
1230 3958 1328 4027 coepti
1347 3958 1405 4013 PB

256 4039 359 4096 babere
383 4041 460 4112 oepit
482 4045 543 4098 Am
566 4042 670 4099 habere
694 4044 826 4114 coepitu
898 4042 993 4100 uenhe
1023 4043 1162 4099 Victorius
1188 4045 1287 4099 uenbe
1316 4046 1404 4103 VAB

329 4137 362 4185 14
383 4130 473 4187 Lurco
493 4133 640 4188 Iucundos
658 4132 754 4203 lyrebo
773 4132 862 4186 PAB
881 4134 979 4188 luroho
997 4150 1021 4187 u.
1061 4133 1111 4188 ‘In
1128 4135 1286 4205 cognomine
1305 4137 1397 4193 diue

252 4225 326 4288 punt
352 4222 461 4290 antiqui
484 4223 587 4277 codices
601 4243 608 4275 .·
622 4221 731 4294 Lprclto
753 4223 825 4277 enim
847 4223 879 4276 in
901 4223 958 4278 iilis
978 4223 1026 4277 esi’
1054 4223 1190 4278 Victorius
1263 4239 1401 4297 sexagena

256 4308 336 4361 milia
359 4309 415 4362 VB
439 4309 586 4380 sexaginta
608 4309 686 4365 milia
704 4312 731 4364 A
751 4310 800 4365 LX
822 4309 946 4366 millam
1019 4317 1052 4365 15
1076 4310 1097 4364 ii
1116 4312 1174 4366 PB
1196 4310 1238 4366 hii
1257 4312 1321 4370 Am
1343 4312 1405 4370 hio

363 4396 508 4463 panciores
535 4415 604 4455 corr.
634 4431 667 4439 —
695 4400 720 4454 is
743 4401 771 4454 A
879 4399 982 4455 debent
1009 4417 1100 4456 mares
1128 4417 1178 4457 om.
1204 4400 1265 4456 Am
1375 4408 1407 4458 lo

256 4482 395 4539 foeminae
419 4484 446 4540 V
