3000 5026
340 330 724 405 acnvu'nrsrrcenvu
744 347 812 404 ern.
830 348 844 401 1
863 340 985 405 51454
1180 346 1243 411 189

77 518 175 597 quod
201 526 306 579 vocant
332 516 499 595 plosteltum
523 516 695 600 poenicum3
718 516 748 574 in
773 533 807 576 co
832 518 899 595 quis
923 516 1022 576 sedeat
1045 523 1134 595 atque
1153 517 1245 593 agitet

72 644 171 704 quae
205 625 322 686 trabant
354 627 498 703 iumenta,
538 632 572 684 ut
603 625 634 682 in
667 621 806 700 Hispania
840 624 978 683 citeriore
1012 630 1042 681 et
1073 621 1139 681 aliis
1171 621 1244 682 locis

65 733 217 798 faciunt.
267 731 344 811 apud
376 731 449 791 alios
481 731 628 790 exteritur
659 747 749 807 grege
781 731 981 790 iumentorum
1013 729 1110 790 inacto
1139 736 1169 788 et
1198 727 1268 787 ibin

67 834 207 915 agitato
230 840 362 919 perticis,
387 838 465 917 quod
489 835 609 915 ungulis
634 855 649 896 e
669 839 750 915 spica
770 844 945 896 exteruntur
965 852 1063 913 grana.
1109 837 1146 895 iis
1165 837 1245 897 tritis
1293 879 1307 887 ¹.

10 975 28 1018 5
65 952 216 1021 oportet
240 963 256 1005 c
280 951 360 1005 terra
384 945 546 1005 subiectari
564 942 647 1004 vallis
666 951 717 1003 aut
736 943 917 1024 ventilabris,
940 962 1007 1004 cum
1026 950 1133 1003 ventus
1152 944 1245 1022 spirat

60 1053 180 1121 lenis.
227 1053 269 1112 ita
293 1053 327 1112 tit
350 1060 384 1112 ut
408 1051 484 1130 quod
509 1051 691 1111 levissimum
715 1051 809 1110 estin
828 1070 864 1111 eo
884 1058 972 1130 atque
991 1049 1154 1129 appellatur
1174 1069 1244 1110 acus

55 1176 130 1229 ac
158 1163 254 1236 palea
281 1167 445 1219 evannatur
472 1159 551 1218 foras
580 1165 661 1218 extra
691 1175 789 1218 aream
816 1175 849 1217 ac
873 1157 1081 1238 frumentum,—
1097 1157 1176 1237 qnod
1199 1167 1245 1219 est

53 1266 308 1356 ponderosum,
335 1283 442 1344 pinum
472 1267 569 1325 veniat
596 1265 632 1325 ad
661 1264 790 1326 corbem.
836 1266 926 1324 messi
953 1265 1028 1326 iacta
1057 1265 1241 1344 spicilegium
1262 1265 1324 1326 Llil

54 1374 198 1440 venire
222 1379 343 1450 oportet
366 1379 417 1431 aut
440 1371 520 1431 domi
542 1371 642 1450 legere
667 1371 805 1452 stipulam
824 1379 884 1453 aut,
908 1374 933 1431 si
953 1378 1023 1432 sunt
1044 1374 1142 1451 spicae
1162 1390 1245 1433 rarae

10 1522 16 1549 ‚
50 1486 125 1550 gt
148 1496 257 1560 operae
281 1497 379 1560 carae,
403 1480 554 1557 conpasci.
604 1497 717 1539 summa
742 1480 821 1539 enim
845 1478 1017 1559 spectanda,
1041 1497 1078 1539 ne
1102 1481 1132 1538 in
1156 1498 1189 1539 ea
1213 1497 1245 1538 re

47 1593 234 1664 sumptus
259 1586 390 1647 imrctum
414 1593 543 1665 superet.

184 1691 218 1751 ln
242 1693 348 1753 vinetis
372 1711 427 1753 uva
451 1710 518 1753 cum
543 1694 600 1752 crit
623 1699 748 1773 matura,
773 1693 949 1753 vindemiam
973 1696 1013 1753 ita
1032 1693 1097 1753 fieri
1116 1701 1242 1774 oportet,
1261 1694 1322 1755 LIV

50 1806 133 1869 ut
159 1798 270 1879 videas,
299 1819 314 1858 a
343 1818 401 1879 quo
429 1817 537 1877 genere
565 1817 690 1859 uvarum
719 1807 749 1859 et
778 1819 793 1859 a
823 1818 881 1878 quo
910 1799 973 1860 ioco
1006 1802 1097 1860 vineti
1120 1802 1245 1878 incipias
1350 1789 1352 1792 Α

55 1915 203 1980 legere.
251 1924 318 1966 nam
342 1915 372 1967 et
394 1925 520 1986 praecox
544 1914 574 1966 et
597 1906 737 1987 miscella,
763 1925 851 1984 quam
875 1914 981 1966 vocant
1003 1909 1127 1987 nigram,
1151 1907 1243 1966 multo
1329 1981 1331 1984 y

10 2032 34 2072 5
60 2017 167 2077 ante
190 2015 339 2094 coquitur,
364 2032 423 2091 quo
447 2016 528 2092 prior
551 2012 684 2093 legenda,
707 2021 737 2072 et
761 2032 835 2091 quae
859 2032 927 2092 pars
951 2013 1065 2074 arbusti
1089 2032 1122 2074 ac
1142 2016 1243 2084 vineae

58 2121 189 2194 magis
216 2122 330 2201 aprica,
358 2122 441 2199 prius
466 2118 554 2181 debet
577 2119 757 2180 descendere
781 2119 817 2179 de
842 2122 907 2180 vite.
952 2122 984 2180 in
1008 2120 1152 2180 vindemia
1176 2116 1268 2180 dni-2

58 2229 193 2301 gentis
231 2245 287 2287 uva
321 2245 380 2287 non
413 2225 508 2286 solum
541 2227 650 2304 tegitur
681 2229 738 2287 sed
766 2229 857 2286 ettam
889 2229 1028 2302 eligitur:
1064 2231 1176 2302 lepitur
1207 2227 1242 2287 ad

164 2422 185 2469 6
204 2417 238 2470 ut
256 2417 331 2483 quod
349 2415 520 2470 levissimum
539 2418 583 2470 est
596 2416 670 2470 Non.
683 2433 711 2485 p.
727 2421 772 2484 19,
786 2419 825 2470 20
900 2421 932 2469 16
952 2416 1047 2486 aprica
1065 2416 1142 2485 prius
1161 2417 1246 2471 debet

59 2496 266 2558 descendere
285 2505 359 2559 Non.
374 2522 405 2574 p.
424 2507 485 2571 444,
503 2509 541 2560 26
1069 2490 1071 2495 ’

160 2688 183 2735 1
210 2681 359 2753 poenieum
383 2682 439 2738 VB
461 2681 591 2751 panicum
610 2682 638 2736 A
709 2683 739 2736 in
758 2675 795 2737 ‘eo
815 2684 877 2753 quis
901 2684 998 2740 sedeat
1016 2684 1073 2740 ΡΒ
1096 2683 1245 2753 incoqui

59 2763 194 2826 sedeat
212 2770 273 2825 Am
295 2771 324 2825 in
348 2787 381 2824 eo
409 2772 471 2840 quis
491 2771 569 2826 sedet
586 2758 602 2825 o
618 2813 624 2825 .
639 2773 754 2839 fortasse
771 2773 800 2826 in
820 2791 875 2841 qno
899 2774 961 2841 quis
980 2774 1081 2827 sedeat
1160 2777 1245 2842 atque

61 2851 189 2917 agitet
207 2862 235 2915 Β
260 2860 351 2928 adque
369 2859 461 2929 agitet
475 2858 531 2912 PA
549 2861 581 2914 ui
600 2859 723 2928 agiteto
796 2867 811 2913 2
831 2866 862 2914 ut
885 2863 914 2914 in
937 2861 1066 2930 hispania
1084 2879 1131 2917 mc
1150 2862 1246 2916 autin

63 2935 229 3011 hispania
252 2949 312 3003 ΡΒ
334 2951 366 3003 ut
389 2949 417 3002 in
442 2947 540 3017 spania
562 2947 591 3000 A
666 2954 682 3000 3
711 2948 786 3016 apud
815 2948 871 3002 VB
895 2951 964 3018 aput
986 2949 1014 3002 A
1091 2955 1108 3002 4
1136 2950 1245 3018 agitato

65 3032 212 3092 perticis
229 3039 288 3092 PA
307 3055 322 3091 c
340 3036 433 3107 agitat
451 3034 583 3106 operticis
602 3037 630 3090 Β
648 3035 739 3106 agitat
758 3053 772 3091 e
791 3037 906 3106 perticis
924 3054 940 3090 o
994 3039 1110 3106 sortasse
1129 3054 1244 3105 quorum

70 3161 213 3222 ullgulis
259 3122 396 3216 operantur
414 3163 441 3214 Β
495 3159 570 3214 tritis
588 3162 852 3230 superscriptionem
869 3161 897 3216 A
951 3160 1137 3216 tsubiectari
1154 3161 1246 3215 PAB

75 3236 287 3306 rubiaourio
352 3251 428 3322 curn]
448 3255 501 3306 co‘ri
520 3251 547 3304 A
611 3251 699 3320 spirat
723 3250 780 3305 VA
798 3251 885 3320 spiret
903 3254 931 3305 B
994 3258 1094 3305 dacus
1113 3267 1146 3304 ac
1164 3251 1248 3320 palea

81 3338 257 3395 mannaim
275 3340 387 3394 Nonius
401 3357 431 3410 p.
452 3347 496 3407 19,
515 3345 553 3398 29
573 3356 640 3394 acus
659 3344 834 3394 euannuatur
852 3341 908 3394 ΡΒ
928 3357 993 3395 acus
1013 3347 1065 3394 ena
1081 3343 1085 3409 Ι
1102 3343 1203 3394 nuatur
1219 3341 1247 3395 A

10 3482 12 3497 ζ
83 3426 161 3473 acus
185 3428 364 3483 euaminatur
381 3446 397 3482 o
416 3446 483 3484 acue
502 3431 658 3484 euannatur
675 3446 702 3483 m
716 3432 863 3485 iucundus
874 3471 879 3482 .
892 3431 1096 3485 ‘Perpennam
1109 3431 1247 3498 exemptor

10 3540 12 3549 ·
86 3498 296 3586 Eunannuatur,
319 3517 408 3572 bobet’
433 3518 571 3573 Victorius
643 3517 794 3574 §euenisse
812 3519 841 3575 A
914 3526 946 3573 10
966 3520 1107 3588 compasci
1131 3519 1157 3572 V
1173 3537 1246 3574 com-

10 3706 13 3717 ,
92 3637 179 3692 bassi
192 3644 251 3698 Am
266 3607 416 3713 compedit,
431 3645 477 3698 ced
490 3644 583 3698 deletis
597 3645 694 3699 teneris
708 3643 734 3697 ci
748 3661 816 3713 qnae
829 3646 1027 3713 superscriptae
1041 3648 1119 3698 erant
1132 3644 1160 3697 Β
1214 3648 1247 3696 sit

10 3740 14 3771 t
97 3727 211 3788 ⁸¹1¹nma
229 3733 257 3789 A
329 3750 359 3787 re
382 3734 513 3801 superent
536 3734 664 3803 sumptus
686 3731 808 3788 fructum
827 3735 940 3803 superet
958 3734 986 3788 B
1060 3738 1091 3787 11
1122 3731 1246 3803 superet]

10 3862 14 3917 ἐ
99 3834 257 3908 ”imperet
276 3842 322 3896 ced
340 3859 368 3894 m
387 3841 477 3894 littero
495 3841 581 3894 deleta
598 3838 626 3893 A

10 3920 14 3929 ’
180 3933 208 3983 la
238 3931 305 4000 quo]
330 3947 363 3983 co
385 3930 478 4000 priore
501 3930 558 3984 loco
576 3929 605 3983 A
627 3946 695 3983 corr.
715 3946 770 3997 quo
789 3927 830 3981 4²
922 3934 954 3983 14
982 3947 1047 3983 nam
1063 3931 1067 3998 t
1083 3946 1202 3999 praecox
1220 3926 1248 3981 A

179 4021 209 4071 15
233 4018 364 4087 coquitur
388 4017 444 4071 VA
471 4018 621 4087 quoquitur
644 4018 672 4072 Β
749 4023 782 4071 16
806 4015 950 4085 diligentis
976 4019 1034 4072 PB
1058 4017 1200 4090 diligentis
1220 4016 1248 4069 A

47 4161 52 4171 ,
100 4082 280 4172 diligentiac
303 4105 500 4176 diligentiusve
574 4113 605 4160 17
630 4124 686 4161 non
714 4107 804 4160 solum
827 4103 930 4175 legitur
953 4107 1001 4159 sed
1026 4105 1110 4159 etiam
1133 4106 1247 4175 eligitur

25 4184 28 4189 ·
98 4176 142 4230 aa
177 4195 325 4252 uiuendum
360 4195 474 4265 erigitur
502 4195 537 4249 aa
565 4195 704 4248 eoeneum
732 4196 835 4251 coerces
861 4194 952 4248 Notat
974 4211 1004 4265 p.
1032 4198 1097 4263 444,
1126 4199 1165 4250 29
1192 4210 1248 4248 non

96 4269 198 4337 ⁸⁰l¹1m
228 4287 333 4357 legitur
364 4286 400 4338 ad
432 4283 583 4339 bibendum
615 4285 730 4354 eiigitur
757 4284 794 4339 ad
821 4283 959 4338 edendum
988 4284 1047 4337 ΡΒ
1074 4300 1130 4337 non
1158 4284 1248 4338 solum

90 4341 211 4427 legitur
232 4376 268 4430 ad
288 4373 441 4428 bibendum
461 4373 520 4442 (sed
538 4375 602 4429 add.
622 4373 704 4442 A'm)
725 4373 836 4441 eligitur
855 4373 890 4426 ad
911 4389 988 4426 esum
1006 4375 1065 4429 Am
1082 4390 1138 4427 non
1158 4372 1248 4428 solum

87 4427 209 4517 legg„
226 4465 260 4518 aa
280 4461 433 4518 bibendum
453 4463 501 4517 seu
521 4462 635 4533 eligitur
653 4463 688 4518 aa
708 4461 845 4516 edendum
863 4478 880 4516 a
1024 4497 1026 4500 .
