3000 5026
190 335 256 399 226
682 337 867 397 VARRONIS

140 500 176 562 lV
283 502 340 562 Sed
374 506 441 582 quis
474 523 489 563 e
519 512 609 583 portu
636 511 704 583 post
730 504 831 564 ltalico
860 504 959 582 prodit
987 523 1021 564 ac
1048 504 1084 564 de
1113 503 1202 565 suillo
1230 523 1342 583 pecore

191 607 332 687 expedit?
378 613 495 671 tametsi
518 611 651 671 Scrofam
679 613 867 689 potissimum
895 610 932 670 de
962 629 995 670 ea
1019 628 1051 671 re
1075 610 1176 671 dicere
1200 620 1342 691 oportere

191 732 355 794 cognomen
374 720 439 777 eius
458 720 612 796 significat.
655 717 708 778 Cui
728 717 914 796 Tremellius,
932 717 1081 797 lgnnmre,
1100 719 1208 797 inquit,
1228 718 1342 800 videre,

106 867 109 874 Δ
190 839 245 882 cur
272 823 404 903 appeller
427 824 538 885 Scrofa,
585 827 684 903 itaque
711 834 744 886 ut
768 828 856 886 etiarn
879 824 910 884 iri
933 831 1056 902 propter
1079 832 1109 884 te
1133 826 1242 905 sciant,
1271 844 1341 903 cog-

190 946 280 989 nosce
304 948 399 991 meam
422 940 541 1010 gentem
565 932 683 993 suillum
707 950 871 1010 cognomen
895 950 954 990 non
978 930 1097 1010 habere,
1120 949 1176 991 nec
1199 951 1247 991 me
1273 950 1340 992 esse
1368 952 1378 990 a

189 1035 225 1095 ab
254 1035 383 1097 Eumaeo
416 1048 523 1100 ortum,
574 1058 645 1100 arus
679 1056 763 1099 meus
795 1041 925 1118 primum
958 1036 1122 1116 appellatus
1151 1046 1197 1098 est
1227 1038 1341 1119 Scrofa,

189 1144 241 1220 qui
274 1153 414 1221 quaestor
446 1165 514 1206 cum
547 1154 627 1207 esset
654 1145 910 1211 LicinioAEervae
944 1146 1076 1223 praetori
1107 1146 1138 1204 in
1166 1144 1340 1205 Macedonia

189 1251 341 1325 provincia
375 1252 497 1313 relictus
528 1253 649 1333 [esset],
682 1255 732 1332 qui
765 1260 899 1331 praesset
928 1253 1087 1330 exercitui,
1119 1251 1191 1311 dum
1219 1260 1341 1330 praetor

188 1355 308 1437 rediret,
334 1357 443 1439 hostes,
467 1360 602 1421 arbitrati
621 1362 807 1420 occasionem
827 1378 859 1419 se
878 1358 988 1418 habere
1009 1359 1158 1438 victoriae,
1177 1360 1340 1438 inpressio-

163 1463 264 1522 2nem
287 1464 384 1524 lacere
408 1479 571 1547 coeperunt
593 1471 623 1528 in
647 1475 751 1527 castra.
796 1485 878 1545 aroS,
907 1483 974 1525 cum
998 1465 1207 1525 cohortaretur
1230 1465 1341 1526 milites
1354 1485 1378 1523 ιο

187 1579 220 1632 ut
249 1582 390 1652 caperent
418 1593 497 1635 arma
525 1583 614 1654 atque
643 1577 759 1635 exirent
788 1581 903 1653 contra,
933 1572 1007 1632 dixit
1034 1571 1174 1631 celeriter
1202 1590 1234 1631 se
1264 1571 1339 1651 illos,

188 1686 221 1738 ut
250 1681 346 1740 scrofa
375 1700 494 1762 porcos,
529 1683 738 1762 disiecturum,
772 1680 799 1740 id
829 1679 907 1758 quod
936 1679 1014 1739 iecit.
1065 1697 1132 1738 nam
1161 1697 1197 1738 eo
1225 1679 1338 1758 proelio

187 1784 289 1846 hostes
319 1790 359 1848 ita
388 1788 465 1848 ludit
492 1808 526 1850 ac
555 1790 678 1868 fugavit,
712 1796 745 1848 ut
773 1806 809 1847 eo
837 1786 931 1846 Nerva
962 1793 1081 1864 praetor
1109 1787 1274 1863 imperator
1301 1788 1338 1844 sit

188 1891 364 1974 appellatus,
394 1915 464 1957 avus
489 1915 653 1974 cognomen
677 1896 823 1954 invenerit
848 1903 881 1953 ut
905 1893 1056 1953 diceretur
1080 1892 1192 1952 Scrofa.
1239 1894 1338 1970 itaque

188 2017 313 2077 proavos
337 2020 371 2061 ac
395 2005 566 2080 superiores
590 2003 629 2064 de
650 2001 819 2062 Tremelliis
842 2018 928 2060 nemo
953 1999 1116 2078 appellatus
1141 1999 1260 2079 Scrofa,
1284 2018 1336 2059 nec
1350 2015 1371 2054 rs

189 2108 286 2167 minus
320 2111 464 2187 septimus
497 2129 563 2169 sum
597 2110 737 2187 deinceps
765 2111 932 2188 praetorius
956 2109 986 2166 in
1015 2114 1102 2185 gente
1127 2113 1237 2166 nostra.
1284 2123 1336 2165 uec

164 2211 291 2274 3tamen
316 2215 433 2294 defugio
458 2219 528 2295 quin
553 2216 648 2277 dicam
673 2234 747 2295 quae
771 2217 832 2275 scio
852 2215 888 2274 de
908 2212 994 2274 suillo
1013 2231 1130 2292 pecore.
1175 2213 1241 2291 agri
1260 2214 1334 2272 euim

188 2407 400 2417 *—

258 2552 275 2623 '1
296 2544 350 2600 Sed
370 2548 431 2615 quis
450 2563 465 2600 e
481 2549 508 2601 A
523 2547 579 2601 Sed
598 2548 646 2616 qui
665 2564 695 2602 se
716 2547 779 2601 VB.
818 2549 858 2602 De
877 2546 972 2601 suibus
990 2547 1022 2600 in
1040 2547 1165 2616 margine
1183 2545 1334 2600 rubrieaA

277 2651 392 2703 peccone
419 2637 447 2689 A
537 2643 553 2690 2
583 2636 696 2706 expedit
719 2637 778 2690 AB
802 2637 910 2707 expetit
938 2637 963 2690 V
1051 2643 1067 2690 3
1096 2651 1251 2704 cognomen
1277 2634 1333 2688 eins

188 2756 328 2825 significet
356 2759 411 2815 VB
440 2767 572 2828 eognome
591 2737 637 2822 ⁰¹¹²,
657 2760 810 2830 significat,
833 2762 879 2815 red
903 2758 946 2815 ein
965 2761 1080 2815 deletum
1097 2760 1126 2814 A
1145 2776 1215 2814 corr.
1236 2775 1333 2827 cogno·

188 2849 313 2900 mentum
350 2847 490 2917 significat
517 2849 557 2902 Aa
590 2867 744 2919 cognomen
777 2848 916 2919 significat
948 2867 996 2904 mo
1103 2848 1261 2902 tremellius
1287 2863 1333 2900 mv

187 2934 331 2990 trebellius
358 2939 447 2992 PAB
537 2937 629 3008 inquit
650 2940 705 2993 VB
728 2938 827 3009 inquid
846 2939 873 2992 A
964 2944 982 2991 4
1004 2938 1034 2992 hi
1056 2938 1172 3006 propter
1190 2939 1218 2990 A
1243 2936 1332 3007 hipro·

187 3078 260 3145 piter
278 3079 305 3132 B
328 3079 349 3132 ii
372 3084 486 3150 propter
508 3083 534 3134 P
557 3082 585 3135 id
610 3084 757 3151 proptero
831 3041 904 3135 lianc
922 3081 949 3134 A
1023 3085 1038 3133 5
1064 3079 1134 3133 ‘Nec
1156 3095 1200 3132 me
1221 3095 1281 3133 esse
1299 3077 1333 3132 ab

187 3165 309 3222 Eumoeo
329 3174 429 3224 ortum.
462 3171 539 3225 Haec
558 3187 634 3238 uera,
653 3177 685 3224 nt
703 3171 832 3236 arbitror,
853 3171 929 3224 lertio
948 3175 994 3235 est,
1013 3187 1027 3222 e
1044 3169 1245 3235 uetustissimis,
1265 3168 1331 3235 opti·

187 3259 289 3326 reisque
312 3259 390 3312 libris
417 3266 504 3313 eruto.
538 3261 687 3314 communie
714 3261 834 3312 creditos
862 3261 943 3313 etiam
967 3260 1044 3311 uiros
1067 3258 1164 3324 follere
1182 3256 1332 3324 potuisset:

188 3349 335 3399 eratenim
353 3349 388 3401 ob
407 3350 462 3415 llic,
486 3351 534 3417 qui
552 3367 566 3403 e
583 3350 719 3403 ueteribus
738 3350 862 3416 uestigiis
880 3364 975 3401 ceram
994 3347 1087 3400 elicere
1104 3361 1162 3399 non
1176 3350 1332 3413 potnerunt,

187 3437 255 3488 eatis
273 3437 403 3489 concinne
421 3437 597 3503 conformata.
637 3438 737 3492 Prisca
755 3439 843 3506 igitur
860 3438 943 3490 huius
962 3437 1015 3490 loci
1032 3434 1187 3504 scriptura,
1212 3433 1270 3488 Nec
1289 3450 1330 3486 me

187 3541 247 3578 esse
266 3525 302 3577 ab
321 3522 384 3579 enm'
404 3541 474 3578 aeuo
493 3527 596 3578 ortum'
624 3526 760 3580 Victorius
815 3541 874 3578 esse
899 3525 934 3578 ab
953 3527 988 3577 eri
1007 3542 1060 3596 gno
1080 3523 1112 3576 c’.
1132 3524 1168 3577 ab
1188 3522 1330 3596 enmgoP
1368 3531 1378 3547 “

188 3631 247 3666 esse
269 3616 304 3667 ab
324 3630 387 3667 eum
406 3630 458 3666 euo
477 3614 504 3666 A
524 3615 623 3667 abeum
643 3632 703 3669 esse
722 3631 791 3669 aeuo
811 3631 879 3668 corr.
900 3631 959 3666 esse
979 3614 1079 3666 abeum
1094 3629 1165 3666 aeuo
1180 3612 1210 3665 Β
1224 3627 1282 3666 esse
1295 3611 1326 3664 eb
1350 3635 1378 3662 ι

188 3719 221 3755 eo
240 3718 323 3754 anon
378 3706 394 3754 8
413 3702 525 3755 relictus
544 3704 618 3758 esset
637 3705 685 3774 qui
699 3705 840 3773 praeesset
856 3703 885 3754 P
896 3702 1010 3756 relictus
1025 3703 1116 3755 cesset
1130 3701 1178 3770 qui
1191 3702 1378 3771 praeessem

187 3843 214 3894 B
238 3803 431 3910 τεΙίοῖηῖωεῑξῗ,
454 3845 501 3898 scol
523 3847 536 3899 t
558 3847 653 3900 ultimo
677 3849 734 3901 loco
753 3851 849 3914 postea
873 3846 997 3899 additum
1016 3845 1044 3899 A
1063 3843 1168 3898 relictis
1188 3844 1236 3913 qni
1254 3857 1330 3913 prse—
1348 3872 1378 3897 ξ

187 3934 299 3985 essetne
317 3932 431 3988 relictus
449 3934 497 4001 qni
515 3937 656 4004 praeesset
669 3953 685 3988 o
741 3941 756 3988 9
776 3936 911 3988 arbitrati.
931 3951 990 3987 noo
1009 3935 1100 3987 littera
1118 3934 1206 3987 deleta
1221 3935 1246 3986 A
1259 3929 1378 3989 urbii

186 4021 262 4075 tratu
281 4039 307 4074 nc
369 4023 570 4093 inpressionem
589 4025 617 4095 A
634 4022 843 4092 impressionem
869 4022 922 4075 VB
985 4025 1192 4090 resceperunt
1214 4021 1378 4088 Veepz

186 4114 250 4165 runt
268 4111 295 4163 A
323 4117 474 4182 caeperunt
498 4113 524 4166 Β
614 4129 681 4166 anos
707 4112 765 4164 ΡΒ
793 4129 862 4164 auus
889 4113 921 4164 in
948 4112 1071 4180 margine
1098 4111 1125 4163 A
1153 4127 1260 4164 enuso

186 4201 427 4267 eohostrareturA
475 4208 505 4255 11
521 4203 619 4255 contra
633 4201 844 4270 superscriptum
860 4201 891 4253 in
900 4202 927 4253 A
967 4205 998 4252 12
1012 4198 1043 4253 id
1057 4200 1133 4266 quod
1145 4199 1205 4253 ΡΒ
1219 4199 1248 4252 id
1257 4199 1375 4264 potui

187 4306 255 4343 corr.
275 4290 305 4342 id
319 4290 542 4358 queAidquev
588 4288 690 4360 13qu
738 4296 769 4342 14
789 4307 857 4343 ortus
877 4295 901 4342 et
915 4290 1011 4342 deinde
1025 4303 1144 4357 proauos
1163 4287 1262 4341 VAB¹
1308 4295 1373 4344 *n

186 4377 332 4431 tremelliis
364 4378 391 4431 V
414 4379 549 4433 tremellis
577 4382 636 4433 Am
664 4377 812 4432 eremelliis
839 4378 866 4431 B
959 4383 990 4430 17
1019 4377 1077 4431 seio
1104 4376 1164 4429 AB
1194 4376 1372 4433 Viuo-io

187 4466 273 4521 sciam
297 4465 323 4518 V
391 4466 474 4522 suillo
493 4486 539 4522 mo
563 4468 634 4522 sullo
653 4470 748 4537 priore
769 4468 825 4521 loco
847 4467 903 4519 PB
923 4466 995 4520 sollo
1014 4483 1081 4521 corr.
1103 4464 1176 4520 suilo
1195 4464 1222 4518 A
