3000 5026
495 307 624 365 RERVM
641 310 877 367 RVSTIOARVM
897 311 964 368 ΜΒ.
983 312 1010 367 ΙΙ
1030 309 1068 364 11
1291 313 1353 376 261

213 476 289 556 quod
306 471 411 560 [quod]
427 479 532 541 Graeci
546 479 693 560 appellant
707 479 756 539 alii
770 472 865 558 ὀπόν,
883 479 932 539 alii
946 471 1103 562 δάκρυον.
1130 479 1195 539 Non
1209 481 1380 560 negarim,5

213 587 344 666 inquam,
374 585 440 646 ideo
469 594 540 666 aput
568 587 650 647 divae
680 586 824 646 Ruminae
853 585 992 647 sacellum
1021 605 1037 646 a
1064 586 1234 665 pastoribus
1262 594 1354 648 satam

213 691 307 752 ficum.
355 692 398 752 ibi
425 695 504 754 enim
533 693 629 758 solent
657 695 818 754 sacrificari
846 692 920 754 lacte
944 711 998 771 pro
1023 695 1090 753 vino
1115 701 1145 753 et
1167 712 1221 773 pro
1246 693 1355 754 lacten-

213 796 299 860 tibus.
346 818 470 860 mamma
498 802 576 861 enlm
605 803 699 861 rumis
727 803 788 860 sive
818 802 1034 874 ruminarent
1061 808 1128 860 ante
1157 799 1307 880 dicebant,
1337 819 1353 861 a

168 903 288 966 5rumi
316 908 404 966 etiam
432 906 500 967 inde
528 907 669 968 dicuntur
693 908 828 968 subrumi
851 909 930 987 agni,
958 907 1101 967 lactantes
1124 925 1139 966 a
1162 906 1246 967 lacte.
1293 905 1378 976 Quis

213 1014 328 1091 aspargi
352 1012 448 1074 solent
471 1013 560 1096 sales,
583 1015 688 1075 melior
712 1014 821 1074 fossilis
846 1033 933 1093 quam
957 1017 1098 1075 marinus.

297 1118 339 1180 De
368 1127 491 1180 tonsura
515 1123 613 1181 ovium
636 1124 765 1200 primum
789 1121 1003 1201 animadverto,
1032 1128 1190 1199 antequam
1214 1121 1353 1199 incipiam

213 1227 321 1307 facere,
344 1246 417 1288 num
445 1228 574 1289 scabiem
602 1236 653 1289 aut
682 1228 781 1289 ulcera
809 1227 948 1307 habeant,
972 1235 1019 1308 ut,
1047 1229 1073 1286 si
1101 1245 1175 1306 opus
1199 1236 1257 1307 est,
1285 1236 1353 1287 ante

212 1340 362 1413 curentur,
386 1352 474 1412 quam
497 1336 684 1397 tondeantur.
731 1343 870 1396 tonsurae
894 1342 1011 1414 tompus
1034 1337 1113 1395 inter
1132 1336 1351 1413 aequinoctium

114 1454 189 1493 ιο
213 1458 332 1500 vernum
357 1448 387 1500 et
411 1441 578 1524 solstitium,
602 1462 670 1503 cnm
694 1443 800 1503 sudare
825 1445 1002 1522 inceperunt
1024 1461 1102 1522 oves,
1125 1460 1141 1501 a
1165 1461 1224 1520 quo
1243 1440 1351 1501 sudore

212 1564 312 1608 recens
340 1547 405 1607 lana
433 1558 517 1609 tonsa
546 1550 647 1610 sucida
676 1549 818 1628 appellata
846 1559 900 1610 est.
950 1558 1050 1610 tonsas
1078 1533 1215 1609 recentes
1243 1547 1375 1609 eodem‘f

213 1653 254 1714 die
287 1663 459 1733 pertingunt
491 1659 558 1716 vino
591 1664 621 1717 et
654 1657 733 1737 oleo,
766 1676 825 1717 non
858 1676 944 1717 nemo
976 1657 1105 1716 admixta
1133 1674 1201 1716 cera
1229 1655 1294 1715 alba
1322 1663 1352 1716 et

214 1759 292 1840 adipe
322 1761 421 1843 suilla3
450 1772 480 1824 et
509 1766 534 1823 si
562 1782 596 1823 ea
624 1773 700 1824 tecta
730 1764 805 1824 solet
833 1782 914 1843 esse,
941 1783 1028 1842 quam
1052 1763 1155 1823 habuit
1177 1763 1283 1842 pellem
1308 1765 1351 1822 iu·

213 1874 326 1949 tectam,
356 1888 419 1929 eam
444 1872 624 1930 intrinsecus
648 1871 750 1931 eadem
774 1889 806 1930 re
830 1872 1033 1949 perinungunt
1056 1877 1086 1930 et
1108 1877 1213 1949 tegunt
1237 1888 1350 1930 rursus.

276 2099 292 2147 t
312 2111 434 2148 mamma
451 2095 525 2148 enim
543 2095 628 2150 rumis
647 2095 690 2148 II
703 2100 730 2162 1,
748 2099 788 2149 20

277 2190 309 2236 13
329 2183 413 2254 adipe
432 2183 515 2238 suilla
535 2184 674 2240 Priscian.
694 2185 711 2238 l.
735 2183 801 2253 Vp.
822 2188 956 2249 1cs,16‚
985 2185 1001 2237 1.
1025 2184 1087 2236 VII
1097 2201 1128 2253 p.
1148 2188 1216 2251 321,
1234 2189 1273 2239 20

210 2311 417 2320 -—-—.„——.—.

294 2402 308 2450 1
333 2396 408 2466 quod
431 2398 507 2466 quod
530 2397 624 2468 graeei
644 2397 735 2452 PAB
758 2397 842 2478 quod
855 2396 984 2467 graecia
1074 2397 1113 2451 ali
1135 2415 1209 2467 opon
1228 2398 1266 2452 ali
1285 2399 1348 2454 dra·

207 2503 276 2541 onan
297 2487 325 2541 P
341 2487 459 2555 aliopon
483 2486 531 2542 aiii
555 2487 687 2542 dracuam
711 2489 791 2556 (corr.
810 2517 846 2526 -
863 2487 910 2555 an)
935 2488 961 2540 A
986 2486 1098 2555 eliopon
1121 2487 1171 2541 alii
1194 2488 1300 2542 drausn
1320 2490 1348 2543 Β

202 2575 256 2629 alii
273 2592 346 2646 opon
365 2575 415 2631 alii
434 2576 574 2632 (11111101
591 2594 615 2631 o.
655 2577 747 2642 ‘Quod
766 2576 867 2630 Graeci
885 2575 1032 2645 appellant
1050 2576 1101 2630 alii
1120 2572 1206 2645 ὀπὸν,
1231 2577 1280 2631 alii
1299 2574 1347 2632 doi-

201 2683 300 2733 κρυον.
332 2666 419 2720 Haac
438 2668 533 2732 locam,
552 2667 666 2721 adiutas
684 2666 719 2719 ab
733 2666 835 2733 optimo
848 2665 1006 2733 exemplari,
1025 2667 1158 2720 commoda
1173 2668 1241 2735 (111
1253 2668 1347 2736 fallor)

196 2755 360 2810 emeadaui:
380 2760 546 2810 11111111
564 2756 610 2809 iile
628 2756 660 2808 ia
678 2754 784 2807 excusis
803 2754 941 2808 codicibus
954 2755 1184 2809 menaeusotmus’
1211 2755 1348 2810 Victorius

261 2851 276 2897 2
296 2847 365 2912 aput
386 2845 443 2898 PA
462 2845 536 2914 apud
554 2844 603 2898 Bo
659 2841 740 2895 diuae
759 2842 885 2895 rumniaa
904 2843 1054 2896 saccellum
1071 2842 1099 2894 P
1112 2843 1178 2896 dius
1192 2861 1269 2897 erum
1284 2859 1346 2898 mae

192 2932 353 2987 saccellum
367 2935 393 2987 A
409 2933 490 2987 diuae
504 2931 620 2985 runniae
635 2930 767 2985 sacellum
783 2930 811 2983 B
825 2929 907 2984 diuae
922 2929 1028 2984 rumiaa
1042 2930 1204 2984 sacellumo
1259 2932 1347 2984 3111-

190 3020 324 3076 tentibus
347 3022 435 3076 VAB
457 3021 626 3076 lactantibus
645 3038 671 3073 aa
724 3025 742 3072 4
760 3035 882 3073 mamma
901 3018 975 3073 enim
993 3019 1079 3073 rumis
1098 3021 1157 3073 siue
1176 3018 1295 3088 rumina,
1314 3020 1347 3072 ut

188 3109 268 3164 ante
288 3109 432 3164 dicebant:
452 3129 469 3164 1
487 3109 559 3163 rami
572 3108 637 3163 iude
652 3109 782 3162 dicuntur
797 3108 921 3162 subrumi
942 3107 1066 3162 Ursinus.
1094 3109 1210 3174 fortasse
1223 3124 1346 3162 mamma

190 3199 276 3252 enim
300 3199 386 3253 rumis
408 3198 454 3252 vel
477 3214 587 3265 rumen,
611 3198 643 3249 ut
666 3199 730 3251 anie
750 3195 893 3264 dicebant,
918 3213 935 3250 a
953 3196 1025 3250 rumi
1045 3195 1197 3251 etiamnum
1216 3196 1345 3251 dicuntur

189 3287 328 3342 subrnmi
400 3304 538 3342 mammae
563 3286 637 3340 enim
661 3285 747 3355 (enim
769 3287 982 3356 1111111111
1000 3287 1032 3339 ia
1050 3286 1089 3354 B)
1108 3304 1204 3341 tumus
1224 3287 1282 3341 sine
1301 3305 1345 3341 ru-

188 3375 308 3431 minare
330 3377 363 3429 ut
387 3376 477 3431 PAB
501 3391 639 3430 mammae
662 3373 738 3430 enim
759 3374 846 3429 rumis
870 3373 931 3430 siue
953 3375 1094 3430 ruminare
1118 3375 1150 3428 11
1171 3393 1187 3430 1
1206 3392 1344 3431 mammae

191 3464 276 3519 enim
299 3465 385 3519 rumis
410 3466 468 3520 siue
491 3482 586 3519 rumas
610 3466 641 3518 ut
659 3463 810 3518 Iacaadas.
851 3464 944 3519 ‘Nihil
966 3465 1095 3530 cariaci,
1117 3466 1235 3534 antiqua
1256 3470 1345 3518 taurea

191 3548 278 3608 lectio
292 3556 416 3610 diuersa:
432 3560 463 3608 at
479 3559 604 3608 accurate
616 3553 767 3622 ponderari
781 3571 798 3606 a
812 3554 944 3608 studiosis
953 3555 1050 3622 possit,
1064 3570 1122 3607 aaut
1135 3554 1179 3608 bic
1193 3554 1343 3622 adponam:

190 3637 340 3698 Mammea
363 3644 437 3696 enim
460 3660 555 3697 rumas
579 3643 637 3696 siue
656 3642 794 3696 ruminare
813 3644 857 3710 ut,
881 3643 947 3697 eba'
991 3643 1128 3697 Victorias
1218 3647 1234 3695 b
1259 3639 1343 3695 etiam

187 3726 266 3786 inda
276 3733 370 3787 PAB
384 3735 413 3787 11
426 3732 516 3786 indeo
553 3732 691 3786 lactantes
703 3731 794 3785 PAB
809 3732 970 3786 lactenteso
1008 3749 1063 3799 qua
1077 3729 1173 3801 spargi
1190 3732 1280 3786 PAB
1295 3738 1344 3799 qui

191 3821 337 3892 aspergis
349 3866 355 3876 .
366 3823 481 3889 fortasse
496 3820 543 3888 qui
558 3821 671 3890 aspargi
684 3821 756 3876 solet
769 3820 819 3888 sal,
834 3820 858 3873 is
872 3820 972 3875 melior
986 3820 1090 3874 fossilis
1145 3828 1161 3875 6
1176 3819 1275 3874 melior
1284 3820 1343 3873 AB

189 3911 333 3966 meliore
358 3911 384 3965 V
400 3910 528 3964 meliores
546 3927 572 3964 1
644 3909 749 3964 fossilis
768 3910 829 3964 Alc·
848 3908 958 3964 fossiles
977 3911 1034 3963 PB
1052 3910 1148 3964 fusiles
1167 3909 1224 3963 Am

272 4008 287 4055 ‘l
312 4002 352 4055 De
371 4002 485 4053 tonsura
505 3999 610 4070 ovium]
631 3999 672 4053 De
691 4002 807 4053 tonsura
825 3999 856 4051 ia
874 4000 997 4066 marpissa
1015 3999 1127 4052 rubrica
1146 3996 1174 4050 A
1245 4002 1261 4049 8
1285 4015 1341 4050 sca·

195 4080 276 4142 biam
293 4107 310 4145 o
330 4089 452 4144 scaniam
471 4106 538 4145 corr.
559 4090 680 4142 scabiem
699 4087 727 4141 A
747 4085 867 4141 scaniam
887 4088 945 4140 PB
1018 4091 1033 4138 9
1058 4084 1253 4153 equiuooinum
1273 4101 1341 4137 corr.

197 4176 397 4238 equinooinum
419 4179 447 4230 A
542 4183 573 4229 11
599 4176 695 4231 sucida
714 4178 771 4231 PB
796 4176 907 4230 succida
929 4175 977 4229 Aa
1069 4180 1100 4226 12
1125 4187 1206 4226 caera
1230 4173 1256 4224 V

200 4259 241 4311 13
261 4267 341 4336 adipe
365 4266 448 4320 suilla
466 4267 646 4320 Scbaeideras
669 4268 727 4321 coit.
747 4267 833 4320 Prisc.
853 4267 870 4319 1.
896 4265 926 4318 V.
941 4282 971 4333 p.
992 4269 1062 4330 168,
1084 4268 1121 4317 16
1144 4261 1226 4331 adipe
1246 4260 1342 4331 (allipe
1378 4249 1385 4256 ’

198 4357 271 4408 wir.
294 4354 377 4425 adipe
396 4357 434 4422 Β)
459 4355 541 4408 suillo
565 4354 652 4408 VAB
746 4355 838 4410 solent
859 4355 888 4408 B
977 4352 1080 4422 pellem
1102 4351 1236 4406 intectam
1263 4349 1341 4404 VAB

197 4435 305 4498 Pellem
323 4444 456 4499 iniectam
474 4444 620 4499 locandas
