3000 5026
186 326 252 389 212
677 320 864 376 VARRONIS

139 600 275 661 docordi
298 598 444 678 appellati
490 598 578 658 tertia
602 615 651 656 res
672 605 728 677 uest,
753 599 784 656 in
807 598 958 657 nutricatu
981 614 1057 675 quae
1076 595 1229 656 observari
1247 614 1334 674 opor·

188 715 257 785 teat,
279 708 310 767 in
335 725 393 784 quo
418 712 490 783 quot
513 703 619 764 diebus
643 705 746 763 matris
770 711 877 780 sugant
901 721 1057 763 mammam
1080 709 1111 764 et
1132 703 1163 763 id
1183 721 1243 781 quo
1263 682 1344 762 tem-¹

188 830 260 891 pore
292 819 322 871 et
349 809 414 890 ubi3
446 818 476 870 ct
504 811 531 869 si
558 827 664 888 pamm
691 808 780 869 habet
807 808 892 869 lactis
919 817 1027 890 mater,
1060 818 1093 869 ut
1120 809 1249 871 subiciat
1279 808 1336 870 sub

189 918 312 979 alterius
335 935 507 996 mammam,
535 919 587 995 qui
610 916 796 995 appellantur
820 915 969 996 subrumi‚
997 917 1028 976 id
1051 924 1098 978 est
1120 916 1176 978 sub
1200 934 1335 978 mamma.
1362 936 1375 977 o

188 1027 311 1104 amiqua
335 1025 415 1084 enim
437 1022 580 1085 vocabulo
603 1041 729 1085 mamma
752 1024 860 1104 rumis,
889 1032 923 1084 nt
945 1026 1060 1102 opinor.
1105 1024 1167 1084 fere
1192 1023 1228 1083 ad
1254 1031 1338 1102 quat-

190 1140 260 1193 tuor
287 1149 405 1192 menses
434 1149 450 1190 a
478 1148 604 1191 mamma
626 1148 686 1190 non
710 1130 907 1208 diiunguntur
930 1132 1011 1211 agni,
1039 1130 1125 1190 haedi
1148 1137 1225 1211 tres,
1253 1132 1338 1209 porci

190 1240 258 1300 duo.
304 1257 320 1299 c
348 1239 416 1317 quis
444 1239 583 1316 quoniam
611 1239 680 1315 puri
707 1244 792 1318 sunt,
819 1237 855 1297 ad
885 1238 1064 1297 sacrificium
1091 1245 1125 1298 ut
1148 1237 1339 1318 inmolantur,

190 1346 259 1406 olim
283 1345 422 1424 appellati
444 1362 557 1420 sacres,
581 1361 657 1421 quos
680 1343 807 1422 appellat
825 1342 960 1422 Plautus,
984 1362 1051 1405 cum
1071 1345 1112 1405 ait
1134 1339 1250 1423 ‘quanti
1269 1352 1341 1407 snut

191 1455 275 1532 porci
312 1447 444 1513 sacresP'
472 1453 525 1536 sic
563 1450 653 1511 boves
691 1451 786 1512 altiles
818 1452 852 1512 ad
887 1451 1031 1512 sacrificia
1061 1451 1181 1530 publica
1213 1454 1340 1530 saginati
1354 1469 1377 1509 ro

143 1559 337 1620 21dicuntur
364 1560 464 1637 opimi.
510 1566 614 1636 quarta
641 1576 711 1636 pars
738 1565 784 1618 est
811 1558 847 1618 de
876 1560 1014 1639 sanitate,
1046 1577 1095 1619 res
1123 1559 1278 1638 multiplex
1306 1578 1340 1620 ac

192 1668 373 1746 necessaria,
397 1665 475 1744 quod
504 1663 676 1725 morbosum
699 1683 792 1744 pecus
816 1673 862 1725 est
885 1667 1036 1746 vitiosum,
1064 1673 1094 1726 et
1117 1669 1258 1746 quoniam
1281 1685 1340 1727 non

193 1773 278 1854 valet,
306 1791 394 1851 saepe
417 1790 522 1850 magna
545 1772 726 1832 adficiuntur
744 1771 918 1832 calamitate.
964 1775 1050 1833 cuius
1069 1774 1212 1834 scientiae
1231 1791 1341 1852 genera

193 1882 266 1961 duo,
307 1889 340 1940 ut
368 1881 399 1939 iu
427 1879 561 1959 homine,
589 1897 681 1939 unum
710 1879 746 1938 ad
775 1896 850 1958 quae
879 1879 1038 1940 adhibendi
1065 1879 1187 1960 medici,
1215 1879 1343 1942 alterum

158 2029 160 2033 ι
194 2004 268 2065 quae
296 1989 360 2065 ipse
388 1988 477 2046 etiam
500 1995 602 2064 pastor
625 1984 751 2064 diligens
773 1986 887 2046 mederi
909 1987 1012 2064 possit.
1058 1988 1123 2046 eius
1146 1996 1248 2065 partes
1271 1995 1385 2049 sumu

194 2101 264 2155 tres.
314 2111 382 2153 uam
414 2092 721 2172 animadvertendum,
756 2111 831 2172 quae
864 2094 1009 2172 cuiusque
1041 2093 1139 2153 morbi
1171 2096 1211 2155 sit
1243 2113 1341 2177 causa,

195 2220 329 2282 quaeque
358 2201 441 2278 signa
471 2218 573 2261 earum
596 2218 754 2261 causarum
777 2201 850 2281 sint,
878 2208 908 2260 et
931 2217 1006 2278 quae
1030 2218 1178 2279 quemque
1203 2201 1341 2264 morbum

286 2448 302 2496 5
327 2442 376 2512 qui
395 2441 575 2512 appellantur
594 2440 718 2495 subrumi
737 2442 781 2495 II
797 2446 841 2511 11,
861 2447 878 2496 5
967 2448 984 2498 8
1012 2440 1109 2511 equis
1128 2443 1262 2512 qnoniam
1281 2446 1343 2516 puri

197 2534 239 2587 ΙΙ
253 2537 279 2599 A,
297 2537 334 2587 16
406 2538 421 2585 o
440 2529 559 2584 Plautus
576 2529 744 2587 Menoetius.
762 2535 822 2586 289

196 2678 409 2689 ....--—-——

269 2769 286 2818 2
315 2763 392 2818 cordi
419 2761 569 2832 posteriore
600 2761 657 2816 loco
679 2761 740 2815 AB
767 2761 865 2816 ohordi
889 2762 915 2816 V
1001 2762 1090 2818 tercia
1112 2763 1140 2817 A
1229 2767 1345 2834 fortasse

197 2855 282 2911 tertia
307 2870 374 2923 pare
402 2855 446 2906 est
517 2851 546 2905 in
574 2855 637 2906 ante
659 2850 802 2906 nutricatu
826 2867 876 2906 om.
903 2851 990 2906 VAB
1061 2870 1132 2921 quae
1160 2855 1306 2911 obseruari
1329 2875 1345 2912 o

197 2962 253 3014 qna
270 2940 414 2998 &seruari
434 2942 462 2996 P
479 2962 499 3016 q
518 2937 661 2996 obseruari
674 2940 702 2997 A
720 2958 777 3010 qua
795 2940 938 2996 obseruari
952 2942 980 2996 Β
998 2941 1066 3011 quid
1084 2943 1229 2998 obseruari
1247 2963 1275 3000 m
1329 2953 1345 3000 3

197 3037 268 3104 quot
286 3033 385 3088 diebus
398 3031 447 3086 Bo
467 3031 542 3099 quod
561 3029 660 3084 diebus
676 3030 735 3084 PA
788 3047 843 3098 quo
862 3031 987 3100 tempore
1007 3032 1063 3086 VB
1082 3033 1157 3100 quod
1175 3033 1304 3102 tempore
1319 3034 1347 3088 A

251 3128 267 3178 5
287 3118 412 3176 subrumi
427 3120 574 3174 Iucundus
593 3118 738 3189 subgrumi
756 3118 816 3172 AB
830 3118 964 3188 subgruni
977 3121 1006 3174 P
1017 3121 1171 3177 subruiuic
1227 3128 1244 3177 6
1257 3124 1347 3178 rumis

198 3210 288 3267 PAB
303 3207 419 3263 ruiniso
474 3214 489 3262 ‘1
505 3206 688 3277 diiunguntur
698 3205 787 3260 PAR
802 3206 1028 3278 disiungunturu
1077 3215 1093 3264 8
1109 3211 1165 3267 duo
1179 3228 1194 3266 e
1209 3211 1275 3281 quia
1291 3213 1347 3267 VB

199 3300 264 3354 duo’
283 3316 298 3353 e
317 3297 379 3367 quis
398 3298 424 3352 A
444 3295 513 3351 duos
532 3295 580 3364 qui
597 3313 625 3351 m
697 3296 841 3368 quoniam]
866 3314 951 3365 quom
975 3298 1092 3354 Ursinus
1162 3299 1261 3369 pario
1285 3301 1347 3370 pori

201 3388 292 3442 PAB
346 3385 508 3440 sacrifitium
526 3385 555 3438 A
608 3383 778 3440 inmolantur
795 3385 825 3441 A
841 3386 1022 3443 immolentur
1045 3389 1101 3443 VB
1157 3394 1191 3443 10
1210 3389 1345 3462 sacrificii

200 3476 244 3531 cia
257 3477 284 3530 A
340 3481 373 3528 11
393 3473 481 3544 opimi
493 3473 534 3528 A‘
549 3476 696 3530 Iucundos
715 3475 815 3545 optimi
834 3476 923 3530 VAB
976 3477 1125 3546 multiplex
1139 3493 1172 3532 ac
1187 3480 1348 3534 necessaria
1374 3512 1385 3526 =

202 3567 258 3620 Pm
276 3563 443 3633 multiplexa
460 3561 618 3618 necessaria
631 3565 691 3618 AB
705 3566 854 3635 multiplex
867 3567 896 3619 et
908 3566 1066 3620 necessaria
1079 3582 1106 3620 e.
1152 3571 1184 3620 12
1204 3584 1292 3636 pecua
1307 3572 1385 3624 est:

199 3654 334 3708 uitiosum
352 3651 410 3705 ΡΒ
429 3668 515 3721 pecus
534 3651 667 3706 uitiosum
685 3653 712 3706 A
730 3669 816 3724 pecus
835 3654 865 3708 et
882 3653 1016 3708 uitiosum
1034 3671 1051 3709 o
1110 3657 1139 3709 et
1157 3656 1272 3724 quando
1292 3670 1385 3713 nou

201 3741 290 3808 ualet,
319 3756 403 3809 saepe
430 3755 534 3808 magna
561 3756 675 3809 gregem
698 3741 787 3797 afficit
809 3743 972 3797 calamitate
996 3744 1150 3800 Incomdns.
1189 3743 1385 3814 ‘Ramnes

192 3831 339 3885 lectionem
356 3829 469 3895 retinui,
487 3833 622 3884 uetustam
639 3848 714 3886 nunc
732 3833 862 3886 studiosis
879 3848 1022 3900 mnenon,
1041 3850 1122 3903 quom
1139 3848 1206 3887 sone
1219 3835 1385 3889 mandans·

202 3919 314 3988 aliquod
336 3918 472 3974 continere
493 3919 604 3975 omnino
622 3921 700 3975 credo
715 3941 723 3973 :
737 3926 832 3975 contra
855 3926 944 3976 autem
959 3923 1126 3991 peruntpata
1139 3922 1232 3990 plana
1249 3928 1290 3978 est
1300 3944 1309 3976 :
1320 3924 1385 3978 te:

201 4013 309 4064 tanturn
328 4009 396 4064 muli
414 4009 446 4064 in
463 4010 526 4078 tito,
546 4011 618 4079 quod
637 4011 671 4064 ab
689 4011 807 4079 antiqua
824 4011 970 4065 dissentit:
990 4009 1027 4064 Et
1045 4011 1175 4078 quoniam
1193 4025 1250 4065 non
1270 4013 1337 4067 nale
1364 4032 1385 4051 ε

202 4116 285 4170 saepe
308 4114 411 4168 magna
434 4098 603 4155 adficiuntur
626 4097 800 4154 calamitate’
832 4098 970 4154 Victorius
1051 4101 1080 4154 et
1104 4100 1236 4169 quoniam
1268 4101 1297 4154 V
1322 4115 1385 4156 ε

201 4195 248 4261 qffi
258 4191 318 4246 AB
332 4192 362 4245 et
375 4197 453 4258 q‘11m
500 4195 533 4242 13
548 4188 715 4243 adficiuntur
726 4188 780 4242 PA
794 4188 1015 4243 afficiunturBe
1062 4194 1096 4242 14
1109 4190 1139 4243 in
1152 4188 1307 4245 hominaB
1320 4191 1385 4245 i<

201 4279 342 4337 hominem
367 4278 423 4332 VA
477 4277 614 4346 adquam
638 4277 726 4331 VAB
780 4278 870 4331 altera
890 4294 962 4345 quac
985 4277 1012 4331 V
1026 4279 1115 4333 altera
1134 4296 1187 4351 qup
1206 4279 1234 4333 Β
1257 4279 1385 4334 altat*

203 4385 257 4437 que
267 4368 488 4434 Aalterumqno
498 4367 642 4422 Iucundus
693 4371 726 4420 15
740 4367 893 4435 pastornsc
903 4365 992 4420 fastor
1003 4367 1094 4421 PAB
1140 4373 1172 4422 17
1188 4367 1385 4438 111111111-

203 4460 336 4528 auspican
353 4454 395 4510 A²
412 4460 444 4510 ut
461 4458 570 4512 oiddia
640 4458 791 4530 quemque]
811 4473 939 4528 quenqne
961 4455 1016 4510 VB
1113 4508 1116 4514 a
