3000 5026
416 327 546 416 RERVM
563 328 798 385 avertebatur
817 328 883 385 LIB.
903 328 916 381 I
937 327 1059 386 16-17
1246 326 1310 390 153

167 496 338 557 obaerarios
366 499 460 558 nostri
494 498 674 580 vocitarunt,
702 504 732 557 et
759 499 847 557 etiam
876 515 956 557 nunc
983 503 1054 556 sunt
1076 497 1108 557 iu
1131 495 1199 556 Asia
1222 505 1310 574 atque

166 603 300 683 Aegypto
328 612 358 664 et
385 605 416 663 in
440 603 557 684 illyrico
579 604 747 692 conplures.
792 603 829 663 de
853 603 962 682 quibus
985 602 1132 663 universis
1155 602 1212 664 hoc
1236 602 1312 683 dico,

166 712 266 788 gravia
294 708 356 772 loca
385 708 488 771 utilius
515 730 582 772 esse
611 713 825 772 mercennariis
853 710 952 771 colere
979 728 1068 789 quam
1091 712 1198 789 servis,
1227 717 1256 769 et
1280 711 1310 770 iu

166 816 338 878 salubribus
357 835 475 896 quoque
494 817 567 878 locis
586 836 676 896 opera
695 821 806 879 rustica
826 820 945 899 maiora,
964 824 997 878 ut
1016 824 1086 878 sunt
1101 820 1133 878 iu
1148 817 1310 878 condendis

136 923 316 985 succubus
338 924 502 985 vindemiae
521 933 573 985 aut
590 927 704 986 messis
751 926 787 985 de
806 927 852 1006 iis,
876 925 1060 985 cuiusmodi
1078 942 1144 985 esse
1164 926 1336 1004 oporteat,3

166 1030 289 1090 Cassius
317 1030 421 1091 scribit
444 1032 531 1094 haec:
559 1035 710 1111 operarios
733 1032 880 1111 parandos
904 1051 978 1112 esse,
1002 1034 1053 1111 qui
1076 1031 1207 1092 laborem
1232 1031 1311 1091 ferre

165 1139 296 1218 possint,
324 1155 361 1198 ue
388 1140 520 1199 minores
547 1157 692 1200 annorum
719 1154 793 1200 xxm
823 1147 853 1201 et
875 1139 911 1199 ad
935 1141 999 1218 agri
1022 1139 1167 1199 culturam
1192 1138 1311 1198 dociles.

166 1262 234 1304 eam
261 1247 462 1306 coniecturam
490 1246 555 1307 fieri
582 1265 671 1325 posse
698 1265 734 1306 ex
762 1245 885 1306 aliarum
909 1265 1010 1306 rerum
1033 1247 1199 1326 imperatis,
1228 1254 1258 1313 et
1281 1247 1311 1304 in

165 1369 205 1411 eo
239 1370 343 1412 eornm
376 1370 392 1412 e
425 1355 548 1414 noviciis
581 1353 705 1433 reliquis
737 1355 789 1413 itio
822 1353 857 1412 ad
890 1355 1021 1432 priorem
1054 1352 1206 1413 dominum
1240 1351 1311 1430 quid

116 1471 150 1516 ro
164 1459 345 1520 factitarent.
400 1461 545 1537 mancipia
581 1479 647 1520 esse
685 1468 824 1538 oportere
861 1479 958 1539 neque
991 1460 1182 1520 formidulosa
1215 1477 1312 1536 neque

163 1567 307 1627 animosa.
362 1568 414 1645 qui
446 1569 579 1645 praesint
611 1586 676 1628 esse
709 1575 860 1647 oportere,
897 1571 948 1647 qui
980 1568 1088 1628 litteris
1120 1566 1216 1645 aliqua
1249 1567 1338 1626 sintt

163 1673 350 1733 humanitate
373 1672 479 1754 inbuti,
503 1673 589 1754 frugi,
613 1681 708 1734 aetate
727 1676 838 1734 maiore
858 1693 947 1753 quam
965 1675 1125 1753 operarios,
1149 1691 1224 1752 quos
1243 1673 1312 1733 dixi.

163 1778 283 1841 facilius
303 1782 381 1840 enim
401 1782 422 1840 ii
441 1799 529 1859 qnam
548 1783 656 1841 minori
674 1787 746 1842 natu
767 1789 836 1842 sunt
855 1782 934 1843 dieto
954 1781 1117 1842 audientes.
1158 1786 1312 1859 praeterea

162 1887 355 1965 potissimum
387 1906 438 1948 eos
470 1906 608 1965 praeesse
642 1896 791 1969 oportet,·
806 1892 857 1968 qui
888 1891 977 1968 periti
1006 1890 1066 1948 sint
1093 1905 1195 1948 rerum
1223 1889 1311 1947 rusti·

114 2012 147 2054 rs
162 2011 279 2054 carum.
325 2012 385 2053 non
408 1966 503 2056 solum
527 1996 606 2055 enim
630 1995 739 2056 debere
763 1998 923 2078 imperare,
952 1995 1003 2056 sed
1028 1997 1115 2055 etiam
1139 1995 1250 2075 lacere,
1280 2002 1312 2053 ut

163 2205 381 2212 Q—

240 2343 442 2400 1·obaerarios
465 2345 555 2398 PAR
578 2346 725 2400 obaeratos
743 2363 765 2401 o.
804 2346 853 2401 ‘In
875 2347 1106 2417 manuscriptis,
1134 2344 1310 2402 Obaerarios’

166 2433 309 2488 Victorias
381 2437 410 2488 et
436 2434 522 2487 etiam
541 2435 601 2488 AB
628 2433 764 2490 Victorius
791 2438 823 2489 ut
846 2436 931 2490 etiam
955 2436 982 2491 V
1051 2435 1183 2506 aegipto
1201 2436 1229 2491 A

162 2521 278 2591 illyrico
296 2522 323 2576 V
338 2519 440 2575 illirico
455 2522 514 2576 AB
588 2524 745 2593 complures
764 2525 852 2581 VAB
925 2526 978 2581 hoc
993 2525 1057 2579 dico
1071 2525 1131 2581 AB
1145 2525 1192 2581 hic
1206 2524 1269 2580 dieo
1290 2525 1316 2578 V

239 2618 255 2665 3
278 2609 475 2665 mercennariis
494 2611 522 2665 Β
540 2613 718 2668 mercenariis
743 2613 798 2668 VA
871 2620 888 2667 4
907 2613 1070 2686 condendis]
1091 2612 1237 2670 condensis
1255 2615 1314 2669 Arn

239 2706 256 2754 8
275 2716 309 2753 ex
327 2717 377 2754 orn.
392 2700 419 2753 A
491 2698 628 2768 inponatis
643 2701 671 2756 A
742 2703 771 2756 et
788 2702 818 2756 in
832 2719 865 2757 eo
880 2719 975 2758 eorum
994 2701 1128 2758 enouiciis
1147 2701 1313 2772 reliquisitio

164 2791 203 2844 ad
220 2789 341 2859 pn'orem
355 2789 413 2844 ΡΒ
428 2790 457 2843 et
470 2787 500 2842 in
514 2805 547 2843 eo
563 2806 659 2843 eorum
677 2806 770 2844 rerum
789 2791 923 2844 enouiciis
942 2791 1110 2860 reliquisitio
1130 2793 1166 2847 ad
1184 2791 1313 2861 priorem,

166 2879 217 2933 sed
249 2893 341 2932 rerum
374 2879 488 2932 deletum
513 2879 540 2930 A
570 2879 599 2930 et
625 2895 702 2932 more
729 2877 884 2932 incolarum
913 2895 928 2932 e
956 2881 1074 2935 noniciis
1101 2880 1249 2949 requisitio
1277 2881 1313 2935 ad

164 2967 289 3037 priorem
298 2984 315 3022 o
325 3009 331 3021 .
343 2967 368 3020 N
370 2968 453 3021 orricii
467 2969 499 3021 in
512 2968 636 3036 marpine
649 2967 797 3035 adscripsit
808 2967 850 3020 P.
864 2967 961 3021 ‘Vetus
976 2968 1062 3034 lectio,
1075 2968 1113 3023 Et
1126 2970 1155 3023 in
1169 2985 1202 3022 ao
1218 2985 1313 3023 eorum

166 3073 182 3110 e
202 3055 320 3110 nouitiis
339 3055 505 3126 reliquisitio
525 3056 561 3110 ad
579 3053 710 3126 priorem,
730 3054 796 3110 etc’.
816 3054 953 3110 Victorius
968 3099 973 3111 .
988 3057 1104 3123 sortasse
1122 3059 1151 3111 et
1169 3057 1198 3111 in
1218 3073 1312 3111 eornm

165 3144 283 3201 novitiis
307 3144 488 3212 requisitione
513 3144 549 3198 ad
572 3142 694 3213 priorem
717 3144 862 3199 dominum
886 3144 954 3212 quid
972 3143 1128 3200 factitarint
1202 3152 1235 3199 10
1258 3145 1313 3198 for-

164 3234 308 3288 midulosa
321 3234 380 3288 PB
398 3233 580 3289 formidolosa
593 3234 644 3287 Ao
716 3250 806 3302 neque
825 3233 951 3288 animosa
965 3250 1007 3289 om
1021 3277 1027 3290 .
1043 3233 1071 3289 A
1144 3241 1175 3289 11
1196 3233 1312 3306 litteris]

164 3323 267 3379 lateris
284 3322 312 3378 A
393 3321 487 3389 aliqua
511 3321 568 3376 sint
586 3322 676 3377 PAB
700 3321 757 3376 sint
776 3323 905 3391 aliquae
931 3323 988 3377 sint
1006 3324 1035 3378 et
1053 3323 1149 3391 aliqua
1168 3325 1315 3379 locandos
1416 3331 1419 3336 '

242 3417 274 3465 12
293 3411 395 3467 imbuti
417 3410 505 3467 VAB
578 3417 611 3465 13
634 3411 690 3467 faci
708 3411 827 3479 facilins,
845 3413 892 3466 sed
909 3411 966 3466 faci
984 3413 1098 3468 deletum
1111 3414 1159 3469 A.
1177 3413 1313 3468 ‘Facilius

164 3501 244 3557 enim
262 3502 315 3569 his,
334 3517 418 3570 quam
436 3499 591 3556 minoribus
610 3503 699 3555 natu.
720 3500 824 3554 Veteres
842 3501 908 3555 libri
930 3503 982 3556 boc
1003 3509 1082 3571 parte
1100 3503 1271 3571 perturbati,
1289 3507 1313 3556 et

164 3594 285 3660 sortasse
311 3591 421 3645 uitiosi:
448 3590 569 3644 Facilius
597 3589 671 3644 enim
695 3589 728 3657 ii,
757 3606 842 3658 quam
864 3589 983 3661 minore,
1013 3595 1058 3646 etc
1073 3634 1079 3646 .
1093 3592 1151 3646 nisi
1173 3590 1207 3645 ai
1230 3606 1313 3657 quam

165 3680 285 3748 minori,
312 3680 452 3749 tenendum
476 3681 514 3733 sit
531 3700 539 3733 ε
559 3680 631 3748 quod
657 3684 747 3733 tomen
770 3679 871 3733 dorum
894 3687 959 3735 esset
977 3703 984 3735 ε
1005 3685 1087 3736 antea
1108 3681 1181 3736 enine
1202 3694 1314 3735 numero

165 3769 359 3825 multitudinis
381 3770 414 3824 do
435 3769 539 3823 uilitas
563 3770 668 3823 locotus
690 3768 795 3834 fumat,
819 3774 845 3822 rt
866 3769 897 3823 ro
915 3771 1008 3824 statim
1026 3771 1108 3825 etiam
1125 3770 1210 3838 fecit.
1227 3768 1314 3823 Prae·

166 3865 244 3914 terea
262 3859 355 3926 infra,
372 3857 422 3912 nbi
439 3858 472 3912 de
491 3857 626 3929 mercariis
643 3873 728 3911 sermo
747 3862 794 3924 est,
812 3857 931 3913 unitatis
949 3875 1062 3914 numero
1080 3861 1111 3914 in
1129 3860 1187 3915 iltis
1205 3859 1315 3928 lenitur,

167 3946 302 4003 imitetur
319 3968 326 4000 r
346 3951 378 4014 et,
397 3943 630 4000 Animaduertat.
646 3947 695 4000 nbi
713 3950 802 4000 onum
821 3947 853 4000 de
870 3945 923 4014 bia,
941 3948 989 4015 poi
1004 3952 1138 4016 praesunt
1155 3963 1213 4002 non
1229 3949 1314 4001 multo

161 4042 246 4107 post,
278 4034 352 4103 Illis,
379 4040 405 4090 et
430 4033 594 4104 Coereeant,
624 4040 720 4090 contro
741 4051 774 4090 ac
796 4037 828 4089 tn
851 4035 998 4102 turpressis’
1027 4035 1165 4089 Victorius
1179 4079 1185 4090 .
1199 4035 1314 4102 fortasse

163 4124 281 4182 facilius
304 4123 379 4178 enim
402 4123 449 4192 iis,
472 4139 556 4191 quam
579 4123 627 4193 qni
650 4121 770 4178 minores
793 4125 876 4192 natu,
899 4126 964 4178 suut
982 4122 1057 4178 dicio
1076 4122 1221 4178 audientes
1292 4121 1314 4175 ii

162 4231 253 4284 quam
282 4212 387 4266 minore
410 4213 478 4265 natu
501 4213 566 4266 sunt
588 4212 664 4267 dicto
686 4213 744 4265 PB
767 4212 788 4266 ii
811 4229 895 4281 quam
916 4213 1038 4268 minores
1061 4214 1128 4277 natu
1147 4213 1212 4266 sunt
1229 4209 1310 4282 pratil

161 4303 246 4358 dicto
265 4300 294 4356 A
321 4300 362 4355 hii
390 4319 473 4369 quam
500 4300 621 4356 minores
648 4303 717 4356 natu
740 4303 805 4356 sunt
828 4302 904 4356 dicto
926 4319 953 4358 m
976 4303 1020 4359 his
1042 4302 1171 4372 quamuis
1194 4301 1314 4357 minores

160 4394 238 4448 natu
262 4388 338 4444 dioto
362 4391 465 4444 sunto
538 4392 705 4458 resonasse
727 4407 856 4460 praeesse
875 4393 1003 4460 oportere
1075 4390 1160 4461 periti
1179 4389 1236 4446 sint
1257 4390 1313 4446 VB

159 4479 255 4555 periti
274 4480 338 4532 sunt
355 4478 383 4533 A
456 4482 489 4531 15
509 4477 583 4532 enim
601 4480 633 4533 a'n
649 4481 772 4548 morpine
789 4481 921 4549 seriptum
938 4482 971 4535 in
989 4481 1017 4535 B
