3000 5026
399 109 528 164 nuncu
545 109 783 166 avsrrcnavn
803 111 869 202 nra.
888 109 901 162 r
921 103 1042 161 41-44
1236 97 1298 178 131

155 276 341 352 secundiora,
374 285 409 338 ut
440 277 549 338 semina
582 297 669 357 quam
701 296 763 338 mas
797 286 827 338 et
859 297 913 357 pro
941 281 1077 359 portione
1105 280 1136 338 in
1164 279 1299 358 virgultis

154 383 235 444 item.
289 386 389 464 itaqua
426 384 520 465 ficus}
549 383 644 445 malus
681 387 789 463 punica
826 393 856 444 61
888 387 956 446 vitis
988 372 1110 466 propter
1142 386 1298 447 femineam

155 490 307 551 mollitiam
339 492 373 552 ad
406 492 600 552 crescendum
629 510 734 573 prona,
767 499 870 552 contra
897 492 992 571 palma
1020 500 1049 553 61
1077 512 1238 572 cupressus
1266 497 1323 554 et5

154 595 218 658 olea
245 599 276 658 in
303 598 465 658 crescendo
493 599 590 663 tarda:
621 601 652 659 in
679 598 736 658 hoc
764 601 843 659 enim
870 599 1017 660 umidiora
1046 618 1134 678 quam
1162 599 1298 660 aridiora.

130 716 245 781 square
279 723 314 764 ex
347 711 427 766 terra
461 708 560 783 potins
593 707 623 764 in
653 706 825 788 ¹seminariis
858 707 994 767 surculos
1028 707 1063 766 de
1092 708 1177 767 116616
1211 725 1298 784 quam

154 826 242 886 grana
275 811 312 871 de
344 813 400 872 fico
433 812 551 890 expedit
584 812 724 893 obruere,
761 819 879 892 praeter
912 814 938 872 si
970 812 1055 873 aliter
1072 823 1230 893 nequeas,
1266 822 1298 873 ut

155 915 298 1004 siquando
327 921 393 1009 quis
422 928 503 1004 trans
532 938 612 1013 mare
640 920 752 1006 semina
780 921 898 998 mittere
927 926 984 999 aut
1006 919 1074 998 inde
1102 927 1203 1002 petere
1228 919 1297 1008 pult.

154 1027 217 1084 ium
241 1026 319 1084 enim
344 1026 513 1087 resticulam
538 1044 592 1105 per
615 1027 700 1106 ticos,
730 1043 802 1104 quas
826 1025 955 1106 edimus,
983 1033 1113 1086 maturas
1137 1034 1297 1104 perserunt

154 1136 182 1188 et
208 1149 271 1213 eas,
304 1151 372 1192 cnm
400 1135 588 1214 inaruerunt,
621 1132 790 1211 conplicaut
815 1152 849 1192 ac
873 1151 932 1211 quo
956 1132 1058 1192 volunt
1081 1134 1216 1213 mittunt,
1245 1132 1297 1193 ubi

118 1251 144 1291 10
156 1235 275 1304 obrutae
300 1242 330 1299 in
354 1242 511 1300 seminario
536 1241 658 1318 pariant.
705 1241 748 1300 sic
771 1258 879 1317 genera
903 1240 1036 1320 ficorum,
1060 1239 1142 1299 chiae
1162 1258 1195 1299 ac
1215 1239 1322 1304 chal-6

153 1343 263 1429 cidicae
287 1355 317 1406 et
340 1346 433 1425 lydiae
453 1348 608 1427 africanae,
627 1349 698 1406 item
718 1353 816 1406 cetera
837 1347 1031 1406 transmarina
1050 1347 1081 1404 in
1101 1345 1211 1405 ltaliam
1231 1365 1297 1424 per-

152 1448 216 1512 lata.
263 1452 355 1512 simili
378 1453 413 1513 de
437 1471 534 1534 causa,
558 1452 639 1513 oleae
660 1471 761 1513 semen
781 1471 848 1512 curn
870 1455 908 1512 sit
927 1452 1083 1532 nuouleus,
1107 1451 1185 1530 quod
1206 1471 1241 1512 ex
1261 1472 1296 1512 66

147 1559 264 1619 tardius
289 1559 484 1621 enascebatur
507 1560 580 1620 colis
604 1579 691 1638 quam
715 1578 751 1619 ex
775 1559 848 1640 aliis,
872 1559 938 1618 ideo
958 1560 1057 1637 potius
1077 1561 1107 1618 in
1127 1562 1296 1620 seminariis

144 1661 248 1747 taleas,
283 1685 356 1745 quas
389 1667 458 1748 dixi,
491 1669 626 1727 serimus
681 1669 712 1726 in
744 1667 848 1745 primis
882 1665 1020 1725 observes
1054 1684 1090 1725 ne
1124 1668 1155 1725 in
1183 1674 1292 1726 terram
1312 1669 1389 1729 XLii

95 1770 274 1833 animium
298 1773 410 1834 aridam
434 1777 626 1856 aurariam,
650 1773 701 1833 sed
726 1780 927 1851 temperatam,
952 1790 1053 1832 semen
1072 1772 1217 1833 demittas.
1264 1775 1295 1833 in

114 1881 285 1955 iugerum
310 1899 411 1962 unum,
437 1882 462 1940 si
485 1888 531 1940 est
554 1888 659 1941 natura
683 1887 846 1958 temperata
866 1888 954 1959 terra,
979 1879 1209 1958 scribunt'opus
1228 1897 1294 1940 esse

100 1986 279 2048 medicae
304 1988 548 2067 sesquimodium.
593 1987 622 2047 id
647 1989 757 2047 seritur
781 1989 836 2067 ita,
860 1993 893 2045 ut
917 2004 1018 2045 semen
1042 1988 1180 2067 iaciatur,
1206 2004 1294 2065 quem

89 2090 152 2149 ad
209 2094 335 2154 modum
370 2093 418 2171 [L]
453 2112 519 2154 cunr
553 2094 693 2172 pabulum
727 2101 756 2154 et
784 2094 966 2154 frumentum
995 2077 1112 2153 seritur.
1164 2094 1290 2172 cytisum
1310 2095 1400 2156 XLlll

78 2200 258 2261 seritur
288 2203 320 2261 in
348 2208 427 2261 terra
456 2200 532 2261 bene
561 2201 681 2262 subacta
710 2211 859 2279 tamquam
888 2219 988 2260 semen
1017 2200 1173 2260 brassicae.
1223 2198 1292 2259 inde
1427 2183 1429 2186 Α

40 2299 201 2364 udffffe
211 2315 283 2367 rtur
308 2314 337 2366 et
360 2309 391 2367 iu
415 2307 621 2386 sesquipedem
645 2309 780 2387 ponitur,
809 2310 970 2368 autetiam
995 2307 1030 2366 de
1055 2308 1148 2385 cytiso
1172 2306 1292 2366 duriore

64 2405 276 2486 virgulae
301 2412 516 2496 depununtur,
540 2416 631 2474 etita
656 2416 794 2492 pangitur
817 2417 848 2475 in
868 2413 1002 2474 serendo.
1049 2421 1189 2473 seruntur
1208 2412 1291 2473 sabae
1310 2416 1421 2479 XLIV.

213 2620 427 2676 lfoecundiora
447 2620 473 2673 V
542 2619 664 2672 foemina
684 2619 710 2671 V
775 2620 937 2687 e‘Propaer
951 2619 1117 2674 foemineam
1133 2619 1291 2675 mollitiam.

63 2693 140 2752 ita
200 2709 315 2765 1161661
333 2710 443 2779 antiqui
461 2709 528 2762 libri
542 2729 548 2760 :
563 2723 619 2761 uou
638 2708 797 2773 Matidiam,
823 2711 854 2760 ut
872 2709 904 2761 iu
921 2708 1037 2761 cuousis’
1083 2709 1221 2762 Victorius

64 2782 295 2853 femineam
319 2797 391 2852 A²m
413 2795 547 2850 feminam
565 2794 626 2850 AB
649 2794 819 2848 foemineam
843 2795 879 2864 V,
904 2796 953 2848 udi
975 2810 992 2847 a
1015 2795 1133 2849 litteram
1156 2796 1292 2850 subducta

68 2869 247 2942 lineola
264 2889 369 2942 notauit
391 2886 429 2954 P,
448 2890 480 2940 ut
498 2890 563 2940 esset
581 2883 727 2951 feminem3
753 2884 862 2938 uidetur
875 2884 972 2953 potius
991 2900 1006 2938 e
1025 2884 1118 2938 1111666
1135 2884 1290 2938 66161616-

72 2957 249 3028 minam
268 2978 382 3031 scribere
400 2975 515 3030 uoluisse
582 2972 766 3027 3661111166
783 2973 871 3026 PAB
886 2970 1068 3026 6611161666
1123 2972 1291 3046 46166166

76 3044 322 3120 increscendo
342 3065 370 3120 A
446 3063 585 3118 umidiore
604 3062 662 3116 PA
681 3060 841 3116 humidiora
858 3063 906 3116 Bo
983 3065 999 3113 8
1024 3060 1189 3130 pesdiculam
1210 3065 1289 3134 (6666.

80 3141 306 3212 tesi›iculam
323 3153 374 3222 Αἵ)
398 3170 448 3223 per
466 3153 532 3206 ficos
553 3151 644 3205 PAB
667 3149 828 3204 resticulam
851 3168 901 3219 per
923 3151 992 3205 ficus
1015 3167 1042 3204 m
1060 3167 1110 3219 por
1128 3152 1289 3207 resticulam

86 3220 193 3286 5008
230 3259 245 3296 6
305 3242 503 3296 dinumerant
521 3241 581 3295 AB
593 3240 730 3294 Victorius
748 3239 903 3293 inaruerint
925 3239 952 3293 V
1005 3238 1175 3307 complicant
1201 3241 1291 3297 VAB

10 3318 12 3323 ’
165 3331 264 3402 quo]
277 3348 308 3386 co
318 3331 346 3385 A
356 3347 423 3385 corr.
434 3348 488 3399 quo
499 3329 539 3384 Α2
595 3334 626 3382 11
642 3328 735 3397 lydiae
746 3326 889 3382 africanae
906 3327 1023 3383 Vlidiae
1034 3328 1175 3382 africanae
1183 3331 1210 3382 B
1221 3330 1289 3384 lidie

93 3395 413 3489 effricanoulydiae
423 3423 452 3474 61
461 3419 601 3474 africanae
613 3418 760 3472 Iucundos
810 3419 921 3472 caetera
935 3417 962 3472 V
1011 3424 1042 3471 12
1058 3419 1290 3475 nuculeusPAB

96 3495 360 3581 111,1111666112666
417 3515 449 3561 13
460 3507 489 3560 in
499 3506 654 3561 seminariis
664 3508 696 3560 iu
710 3507 833 3575 marqiue
847 3507 1020 3575 scriptumiu
1030 3508 1058 3561 Β
1115 3514 1147 3562 14
1162 3507 1290 3564 dixiAB

71 3576 77 3590 '
99 3569 265 3674 [¹¹31i1nus
289 3597 316 3649 V
367 3613 402 3650 ne
421 3595 450 3649 in
468 3597 571 3650 terram
587 3597 648 3656 AB
667 3595 714 3650 uer
727 3595 756 3649 rn
771 3599 874 3649 terram
895 3596 921 3648 V
974 3601 1006 3648 aa
1026 3596 1158 3652 uomitus
1180 3598 1235 3652 uA
1249 3598 1289 3650 aa.

10 3702 13 3711 ·
98 3669 240 3739 mlstas
255 3687 283 3741 B
340 3693 371 3740 11
390 3684 500 3741 medica
518 3683 755 3754 escaquimodium
770 3682 797 3738 A
851 3684 892 3737 ita
909 3686 942 3738 ut
957 3714 989 3722 —
1006 3683 1106 3739 seritur
1122 3689 1154 3740 iu
1167 3689 1290 3755 urorpc'uc

98 3760 248 3831 ⁵⁰''2‘Pta
275 3776 307 3829 iu
330 3776 358 3829 B
433 3773 552 3828 iaciatur
577 3772 714 3828 (docueras
741 3772 862 3827 iactatur
891 3770 980 3826 VAB
1053 3773 1288 3839 quemadmodum

76 3832 164 3945 121¹·
203 3877 277 3917 eum
292 3864 350 3918 PB
369 3862 603 3931 quemadmodum
619 3904 624 3918 .
639 3864 658 3916 l.
677 3880 741 3917 eum
754 3861 783 3916 A
797 3860 1031 3930 quemadmodum
1046 3859 1154 3913 scilicet
1172 3877 1235 3913 cum
1249 3878 1265 3914 6
1281 3903 1287 3917 .

107 3921 201 3994 Pro
232 3954 348 4018 66111661,
366 3954 398 4006 iu
415 3969 500 4006 mauu
518 3953 628 4022 66616116
648 3953 787 4008 codicibus
798 3947 843 4005 ’661
861 3955 926 4003 uoto
944 3950 1004 4015 dia,
1022 3949 1055 4003 de
1073 3965 1128 4018 quc
1147 3949 1188 4003 dio
1207 3955 1289 4003 666166

91 4008 250 4095 heutua
268 4058 341 4109 sum,
360 4058 430 4109 quac
448 4041 515 4109 quid
532 4042 675 4111 sipuidcet,
695 4057 751 4095 uou
769 4042 834 4094 dum
848 4039 959 4107 percepi
974 4058 980 4091 ι
997 4037 1238 4103 Quemadmodum
1256 4035 1287 4092 L.

89 4110 187 4169 “¹¹¹1
227 4130 371 4200 pabulum’
412 4130 548 4184 Victorius
605 4137 636 4184 19
656 4133 800 4199 tamquam
815 4128 842 4183 A
860 4130 994 4196 tauquam
1012 4126 1071 4195 ΙΥΒ
1125 4126 1287 4197 116166166-

85 4182 239 4272 tantur
261 4219 317 4274 VB
336 4218 516 4288 depiantaiur
534 4219 562 4273 A
