3000 5026
499 337 546 391 DE
566 337 654 392 AGRI
674 338 847 394 CVLTVRA
866 338 894 394 G.
916 339 1000 396 3-5
1282 339 1321 402 17

177 512 328 586 exerceat,
356 505 471 566 facilius
494 505 570 566 male
594 511 624 565 et
646 506 741 566 aliene
764 505 942 586 prohibebit.
979 506 1083 587 vilicus
1108 507 1134 566 si
1152 505 1232 590 pelet
1246 505 1320 587 made

177 612 290 697 faeere,
313 613 492 692 neu-laciet.
531 614 556 672 si
579 632 685 692 passus
709 614 936 694 erit-domiuus
954 615 1065 692 iupune
1089 589 1131 674 ue
1146 616 1223 674 sinat
1246 631 1320 674 esse.

176 736 233 797 pru
256 719 401 780 beueiicio
425 722 549 798 gratiam
572 719 690 801 reserat,
713 727 747 780 ut
771 720 835 780 aliis
858 728 939 781 recte
964 721 1061 780 lacere
1082 719 1179 780 libeat.
1217 720 1322 781 vilicus

177 843 215 886 ue
251 829 291 886 sit
320 825 498 906 ambulator,
531 825 649 887 sobrius
682 829 739 886 siet
771 834 902 907 semper,
933 826 968 886 ad
1001 845 1104 887 cenam
1136 845 1234 907 uequo
1267 835 1322 887 eat.

150 931 319 993 biamiliam
342 941 487 1013 exerceat,
511 933 689 1013 consideret,
713 952 788 1011 quae
812 933 950 993 domiuus
964 932 1154 1012 imperaverit
1168 934 1247 993 fiant.
1285 951 1322 992 ue

177 1039 246 1117 plus
269 1047 389 1101 censeat
409 1059 511 1120 sapere
530 1058 563 1099 se
582 1058 670 1119 quam
686 1039 845 1101 domiuum.
883 1043 993 1101 amicos
1008 1041 1128 1121 domini,
1153 1059 1203 1100 eos
1217 1040 1323 1100 babeat
1343 1046 1361 1103 3

179 1145 237 1206 sibi
260 1148 380 1207 amices.
417 1148 467 1206 cui
490 1148 590 1207 iussus
614 1149 679 1226 siet,
704 1146 859 1207 auscultet.
895 1165 960 1206 rem
986 1148 1115 1208 divinam
1140 1150 1199 1208 uisi
1218 1147 1323 1227 Conpi-

179 1251 289 1312 talibus
312 1254 343 1312 iu
367 1255 485 1332 ccupito
509 1256 614 1314 autin
643 1254 708 1314 loce
736 1272 773 1313 ue
802 1254 896 1313 faciat.
938 1254 1054 1313 iniussu
1083 1253 1196 1313 domiui
1223 1234 1324 1313 credat

179 1361 305 1419 neminie
319 1360 412 1438 *quod
441 1360 578 1420 dominus
606 1359 781 1439 crediderit,
803 1357 914 1436 exigat.
957 1362 1035 1420 satui
1063 1378 1176 1440 semen,
1205 1359 1324 1440 cibaria,

147 1474 168 1512 10
181 1464 231 1546 lar,
256 1469 366 1547 viuum,
390 1466 487 1527 oleum
506 1474 643 1527 mutuum
658 1466 774 1526 dederit
797 1467 917 1526 nemini.
955 1466 1028 1526 duas
1047 1474 1097 1526 aut
1115 1474 1176 1526 tres
1201 1466 1324 1526 familias

166 1569 298 1653 ‘habeat,
326 1573 406 1633 uude
433 1573 543 1632 uteuda
567 1580 652 1650 reget
675 1579 704 1632 et
728 1572 837 1651 quibus
861 1572 919 1652 det,
942 1579 1096 1650 praeterea
1119 1573 1239 1632 nemini.
1281 1591 1325 1632 ra·

185 1679 291 1740 tionem
305 1699 374 1740 cum
389 1680 507 1739 domiuo
527 1679 633 1739 crebro
652 1686 745 1758 putet.
782 1681 959 1758 operarium,
983 1680 1229 1759 mercennarium,
1253 1679 1325 1758 poli·
1344 1685 1364 1740 4

187 1791 275 1847 turem
302 1788 427 1848 diutius<
451 1787 577 1847 eundem
608 1806 644 1847 ue
677 1785 784 1846 babeat
812 1787 869 1846 die.
911 1786 1025 1864 uerprid
1051 1787 1157 1855 emisse
1185 1786 1256 1874 {eb-t
1284 1789 1326 1846 iu·

189 1894 292 1974 sciente
308 1894 437 1973 domiue,
452 1894 583 1972 neuquid
596 1894 751 1966 ⁴domiuum
766 1893 906 1955 celarisse
921 1892 999 1981 vg-bt.
1023 1894 1185 1970 parasitum
1200 1912 1327 1972 nequem

160 2012 180 2052 15
191 1995 294 2060 babeat.
331 2000 530 2080 haruspicem,
554 2018 705 2079 augurem,
729 1998 883 2078 hariolum,
908 1995 1326 2082 Claui-dacum„‚ue,qrrem.cou·

187 2103 308 2191 suluisse
338 2106 418 2186 velit,
458 2114 589 2185 segetem
616 2125 654 2165 ue
683 2105 833 2165 defrudet:
868 2123 935 2183 nam
965 2104 995 2163 id
1014 2104 1124 2176 *iulelir
1156 2113 1208 2166 est.
1251 2125 1326 2185 epus

182 2216 325 2320 rusticum
342 2201 429 2274 omne
449 2221 534 2274 curet
552 2216 598 2274 uti
617 2216 691 2274 sciat
715 2214 825 2292 lacere,
849 2220 879 2272 et
901 2214 931 2273 id
956 2213 1044 2272 faciat
1069 2231 1170 2293 saepe,
1195 2213 1265 2273 dum
1289 2233 1326 2273 ue

175 2319 275 2382 lassus
302 2323 366 2382 liat:
396 2322 421 2380 si
449 2320 567 2401 lecerit,
597 2321 685 2381 scibit
713 2322 744 2380 iu
772 2329 872 2380 mente
896 2319 1021 2379 familiae
1051 2319 1122 2398 quid
1152 2322 1203 2400 sit,
1232 2329 1262 2380 et
1284 2320 1365 2383 illi5

169 2427 278 2488 animo
302 2430 443 2507 aequiore
467 2428 583 2488 lacient.
621 2431 647 2488 si
669 2428 726 2488 bec
751 2428 851 2508 laciet,
875 2429 974 2487 miuus
993 2425 1097 2486 libebit
1120 2426 1270 2487 ambulare
1298 2434 1328 2486 et

130 2529 291 2595 2⁰valebit
313 2536 426 2594 rectius
450 2541 480 2593 et
503 2533 644 2593 dormibit
671 2533 821 2593 libentius.
863 2535 977 2610 primus
1007 2532 1110 2593 cubitu
1140 2542 1254 2614 surgat,
1278 2552 1329 2612 po·

157 2643 312 2703 stremus
336 2640 470 2701 cubitum
495 2648 550 2700 eat.
592 2642 676 2719 prius
700 2629 797 2699 villam
820 2638 918 2698 videat
945 2639 1044 2698 clausa
1067 2641 1112 2699 uti
1136 2642 1205 2720 siet,
1232 2647 1262 2699 et
1285 2642 1330 2700 uti

150 2757 226 2802 suo
259 2751 387 2829 quisque
411 2746 475 2806 loco
499 2745 590 2806 cubet
613 2754 642 2805 et
666 2748 711 2806 uti
734 2748 863 2805 iumenta
888 2744 1029 2823 pabulum
1053 2744 1187 2805 babeant.

270 2855 365 2915 beves
388 2856 513 2914 maxima
537 2852 688 2928 diligentia
712 2858 830 2911 curatos
855 2850 985 2911 habete·
1010 2849 1147 2911 bubulcis
1172 2855 1328 2932 opsequito
1349 2859 1366 2915 6

144 2961 299 3043 partim,
323 2980 383 3042 quc
406 2961 546 3022 libentius
571 2958 660 3018 boves
684 2966 798 3018 curent.
837 2965 932 3017 aratra
952 2974 1145 3036 vomeresque
1171 2959 1258 3018 tacite
1284 2963 1327 3019 uti

145 3072 199 3082 ἡ

243 3138 289 3188 16
308 3136 432 3203 segetem
451 3150 485 3187 ue
505 3132 634 3185 defrudet
653 3131 729 3184 Pliu.
754 3133 800 3195 18,
823 3133 881 3184 200

149 3222 397 3244 R..—

242 3299 266 3346 1
292 3295 390 3349 uilicus
411 3293 470 3346 PA
488 3291 600 3346 uillicus
619 3289 667 3342 Ru
749 3288 887 3357 2inpuue
905 3288 933 3341 A
951 3287 1063 3357 impune
1088 3287 1143 3341 VR
1229 3289 1329 3342 3ben·

152 3367 217 3426 fiffiO
251 3385 293 3436 A
363 3381 465 3436 uilicus
481 3380 539 3433 PA
558 3378 669 3433 uillicus
688 3377 735 3430 Ru
812 3383 883 3431 dne
901 3377 938 3431 sit
956 3377 1012 3431 VR
1029 3379 1120 3442 nescit
1137 3376 1165 3429 A
1233 3393 1330 3431 cenam

139 3454 203 3510 ’Αο
223 3458 348 3544 cedam
368 3473 383 3527 b
403 3485 518 3525 coenam
538 3469 564 3522 V
635 3466 745 3521 'liussu
764 3465 816 3519 siet
831 3465 858 3518 A
930 3466 1098 3536 capitalibus
1117 3467 1147 3520 in
1167 3466 1260 3535 cupito
1275 3465 1344 3518 Va

131 3640 135 3646 ·
159 3566 435 3674 ⁰01111>italibushic
456 3610 576 3680 compito
595 3610 623 3663 A
704 3615 720 3662 8
738 3606 832 3662 iniusu
851 3607 963 3663 domino
983 3626 1051 3665 corr.
1071 3609 1112 3663 -ni
1130 3609 1157 3663 A
1247 3614 1262 3660 9
1283 3623 1329 3661 ex·

160 3683 246 3761 igal&
277 3707 309 3758 A
382 3709 413 3756 11
434 3692 578 3772 praeterea
592 3698 652 3753 AR
663 3698 744 3763 Vict,
763 3697 875 3765 praeter
894 3713 940 3750 eas
965 3698 991 3752 V
1058 3705 1090 3752 12
1108 3699 1189 3766 putet
1206 3697 1234 3749 R
1252 3696 1331 3765 patet

162 3785 214 3833 ‘⁰'st
260 3797 356 3862 putet
374 3794 401 3846 A
421 3792 503 3861 paret
518 3788 544 3841 V
607 3786 808 3840 mercenarium
824 3785 913 3839 VAR
993 3786 1144 3855 politorem
1191 3784 1252 3838 AR
1269 3784 1330 3852 pol-

162 3855 330 3936 litarem,
405 3885 438 3934 15
457 3876 634 3945 haruspicem
649 3875 727 3928 PAe
746 3873 901 3942 aruspicem
916 3875 953 3928 bv
1025 3874 1135 3928 hariolu
1182 3874 1241 3926 ΡΑ
1260 3870 1331 3925 ario-

159 3943 202 4042 lum
219 3960 258 4012 b
277 3989 317 4044 cp
389 3968 556 4025 chaldaeum
575 3966 631 4019 VA
647 3965 771 4019 caldeum
788 3965 823 4017 bc
878 3969 911 4016 17
925 3963 1017 4031 omne]
1033 3978 1142 4015 omnem
1154 3961 1182 4014 A
1249 3960 1330 4028 sciat]

157 4040 199 4090 ml
213 4055 288 4109 A
362 4066 394 4114 18
413 4059 502 4112 lassus
522 4056 566 4110 Vb
586 4054 680 4124 lapsus
699 4054 749 4107 Ac
756 4054 773 4120 f
840 4050 996 4119 recubitu]
1019 4050 1142 4116 cubitum
1157 4049 1184 4100 A
1204 4047 1301 4101 cubitu
1319 4048 1336 4114 f

436 4139 488 4180 l'tor

195 4252 200 4263 ¹
247 4183 308 4238 23
327 4182 473 4255 opsequito
497 4182 613 4252 partim',
637 4183 682 4236 sed
707 4181 772 4235 l'tor
795 4197 828 4234 ex
850 4145 1017 4241 contectura,
1040 4179 1072 4228 ut
1093 4175 1217 4240 uidetur,
1238 4189 1330 4241 auper-

156 4261 290 4320 “tuto
307 4275 338 4343 P,
359 4274 520 4342 obsequitor
534 4272 637 4342 partim
651 4270 810 4335 Atthct„
829 4265 1008 4334 obsequiture
1023 4267 1136 4334 partum
1153 4264 1172 4330 f
1185 4260 1332 4331 obsequiio

157 4354 319 4421 imme
336 4381 352 4417 a
372 4360 532 4430 obsequitur
550 4359 647 4413 statim
666 4358 811 4411 Iucuudus
896 4359 930 4407 at
949 4370 1005 4420 quo
1024 4351 1158 4407 libentius
1182 4351 1239 4405 VR
1259 4350 1334 4418 quod

162 4423 324 4503 ll”mlius
341 4453 367 4505 A
439 4450 569 4504 curarent
585 4464 653 4502 corr.
673 4447 770 4500 curent
784 4448 810 4498 A

213 4529 313 4587 ol2⁷10
326 4560 356 4588 u:
370 4539 430 4590 a'um
444 4559 465 4588 c.
1104 4537 1119 4582 2
