3000 5026
440 108 570 201 suurn
588 110 824 197 nvsrlosuvn
843 113 909 169 LiB.
929 114 941 166 I

92 271 155 330 ·De
181 271 267 332 ioeno
290 273 445 334 condendo

109 378 155 437 De
182 380 282 439 tritico
305 380 459 440 condendo

106 484 154 545 ne
181 484 247 545 faba
271 494 302 547 et
324 486 524 567 leguminibus
547 491 710 551 condendis

102 591 154 652 De
180 593 247 652 uris
270 595 433 655 condendis

55 720 77 762 5
98 700 153 761 De
179 702 276 779 pomis
299 701 461 762 condendis

88 807 152 888 ‘Dc
179 807 244 866 olea
267 807 418 868 condenda

94 915 151 976 Dc
178 933 299 975 amurca
322 914 474 974 condenda

93 1022 150 1083 De
177 1021 352 1099 promendis
375 1022 510 1100 frugibus
535 1024 636 1084 tuendi
660 1043 748 1085 causa

94 1127 209 1198 Quem
233 1128 269 1187 ad
293 1128 411 1189 modum
438 1130 620 1190 frumentum
644 1133 839 1210 promendum
864 1135 902 1192 sit

12 1259 69 1298 -10
91 1235 150 1297 De
177 1252 298 1294 amurca
322 1237 431 1296 tuenda
455 1245 484 1296 et
506 1238 669 1316 promenda

92 1342 150 1403 Dc
176 1342 247 1400 vino
270 1343 433 1419 promendo

90 1450 150 1511 De
176 1447 243 1508 olea
265 1450 425 1528 promendo

90 1558 150 1619 De
176 1573 254 1617 nuce
278 1563 308 1617 et
330 1555 457 1635 palmula
481 1565 510 1618 et
534 1558 589 1618 lico
612 1559 774 1636 promenda

91 1666 152 1727 De
177 1665 243 1724 uris
267 1671 295 1724 et
319 1662 403 1723 malis
426 1671 456 1724 et
479 1663 576 1725 sorbis
599 1664 764 1744 pensilibus
786 1665 959 1743 promendis

47 1789 73 1828 15
90 1773 153 1834 De
186 1769 265 1830 inrre
298 1771 461 1848 promendo
494 1779 546 1832 aut
578 1772 613 1832 ad
646 1770 776 1831 cibatum
809 1779 860 1831 aut
891 1772 926 1831 ad
960 1773 1103 1832 sationem
1137 1782 1187 1833 aut
1220 1774 1256 1833 ad

201 1877 391 1938 vendundum

185 2073 197 2119 1
221 2065 287 2120 feno
306 2066 334 2119 A
356 2066 439 2120 foeno
465 2065 520 2119 VB
593 2068 659 2121 oK.
680 2066 913 2136 quemadmodum
932 2065 1103 2120 frumentum
1121 2067 1149 2120 A
1223 2073 1255 2122 10

80 2155 216 2212 tuenda
244 2170 276 2208 uc
298 2155 452 2223 promenda
474 2157 502 2209 B
575 2161 606 2210 11
630 2157 672 2210 De
695 2157 760 2212 vino
783 2154 937 2226 promendo
956 2155 997 2210 De
1021 2155 1084 2226 olea
1102 2158 1256 2225 promenda

74 2262 166 2300 om.
182 2243 208 2297 A
283 2250 314 2298 13
339 2246 368 2298 ei
389 2245 442 2298 fico
461 2246 614 2313 promenda
632 2247 660 2299 P
676 2246 705 2298 et
722 2246 775 2300 fico
794 2244 866 2314 (foco
885 2262 954 2300 corr.
973 2245 1025 2300 fico
1045 2244 1082 2313 A)
1101 2246 1255 2314 promendo

70 2335 118 2388 A
168 2333 310 2400 Victorius,
328 2350 378 2388 oue.
398 2335 447 2388 Bo
521 2339 555 2388 14
574 2335 662 2388 sorbis
681 2352 697 2388 u
717 2334 806 2388 soruis
828 2334 919 2388 PAB
993 2339 1025 2388 16
1044 2337 1095 2388 eut
1113 2334 1255 2390 ocibstum

65 2424 167 2476 eut
178 2423 330 2478 mationem
340 2423 368 2477 A
382 2438 451 2477 carr.
466 2425 515 2477 aut
524 2423 684 2477 sdcibntum
695 2425 744 2477 aut
753 2422 927 2478 redentionem
936 2422 977 2478 A²
1028 2429 1060 2477 16
1076 2423 1255 2478 rendendum

62 2509 116 2562 P
172 2511 304 2568 Victorino
330 2512 506 2567 uendendum
535 2513 623 2567 ABo.
661 2512 819 2580 Sequuntur
844 2513 914 2566 ino
946 2513 1050 2566 iudices
1073 2515 1255 2584 capitulorum

56 2597 182 2654 libri
200 2603 312 2657 senardi
334 2607 359 2656 et
381 2602 463 2657 tertii.
484 2599 584 2669 Capito
606 2602 675 2654 haec
699 2599 758 2653 siue
778 2598 867 2653 Tituli
885 2600 1008 2654 Alterius
1030 2619 1063 2654 so
1082 2601 1170 2655 Tertii
1190 2601 1255 2656 libri

52 2688 280 2745 rusticarum
302 2706 394 2744 rerum
416 2689 446 2743 in
469 2688 660 2743 uetustissimo
684 2687 780 2743 codice
799 2689 947 2742 denuntia
965 2690 1088 2757 marpine
1106 2691 1255 2758 adscripsit

51 2771 118 2826 Ρ.
178 2779 395 2849 ‘inscriptionem
417 2779 502 2832 trium
521 2778 561 2832 M.
589 2778 723 2832 Varronis
746 2778 878 2831 librarum
901 2794 919 2829 a
941 2794 983 2830 me
1004 2778 1036 2830 iu
1053 2778 1163 2845 optimis
1181 2780 1253 2832 codi-

46 2860 191 2922 cr'bnis
214 2871 356 2924 iuuentam
382 2872 488 2922 secutus
517 2883 586 2921 sum.
613 2883 678 2920 nune
705 2866 831 2932 Indices,
863 2866 961 2934 quibus
992 2866 1161 2932 declaratur,
1186 2867 1254 2935 quid

44 2947 228 3025 &nsciis
246 2958 377 3027 paritius
394 2958 491 3012 irarum
508 2972 660 3010 sermonum
678 2955 858 3020 coutinentem,
876 2970 933 3009 nan
951 2971 1040 3009 amnes
1058 2959 1158 3009 ueteres
1176 2961 1251 3010 snut:

46 3034 89 3086 Ρ
83 3046 205 3101 rint
225 3049 297 3101 euim
315 3053 423 3102 tautum
442 3047 507 3101 iibri
524 3047 556 3100 in
573 3062 658 3099 mauu
676 3045 787 3113 scriptis
804 3044 1003 3112 exemplaribus
1020 3045 1206 3112 reperiuntur,
1229 3051 1254 3099 et

44 3121 70 3173 ’ἶ
144 3132 213 3190 loeo
231 3153 284 3205 quo
308 3154 325 3190 a
347 3153 388 3189 me
401 3136 489 3203 positi
506 3139 571 3188 snut
589 3134 720 3188 collocati.
758 3133 891 3198 Secundi,
914 3149 947 3186 ac
968 3132 1055 3186 Tertii
1073 3134 1203 3187 Indicum
1222 3135 1253 3187 iu

44 3207 207 3278 iis<inu
224 3226 369 3294 nestipium
387 3224 504 3278 uuitum’
531 3223 669 3277 Victorius
