3000 5026
416 109 463 162 DE
483 107 570 163 AGRI
590 109 760 164 CVLTVRA
782 109 809 163 G.
831 109 978 168 95-102
1225 112 1267 175 69

213 273 392 335 Vestimenta
413 293 450 335 ne
474 277 563 335 tIniae
584 282 712 353 tangant.
742 279 891 336 amurcam
915 278 1074 356 decoquito
1090 278 1125 338 ad
1141 278 1224 337 dimi·
1245 278 1426 337 nxxxxvlll

121 378 213 458 dium,
237 397 270 438 ea
294 383 417 459 unguito
437 381 562 442 fundum
581 400 666 442 areae
686 390 716 442 et
736 384 921 444 extrInseous
937 391 966 444 et
985 385 1075 462 pedes
1091 393 1120 445 et
1134 385 1266 462 angulos

122 484 175 545 ubi
190 504 223 546 ea
238 486 396 568 adaruerit,
421 492 594 549 vestimenta
610 490 737 549 condito.
776 492 801 550 si
824 492 864 550 ita
888 492 1003 571 teneris,
1028 493 1117 551 tIniae
1137 510 1196 551 non
1215 511 1265 552 no-

122 592 241 654 cebunt.
283 602 313 654 et
336 596 407 654 item
425 593 552 672 ligneam
577 595 791 673 supellectilem
806 614 923 656 omnem
947 599 973 656 si
986 616 1114 677 ungam,
1139 615 1197 657 non
1212 617 1264 676 pu·
1285 610 1303 666 2

97 706 229 779 arescet,
259 707 290 760 et
317 720 384 762 euna
414 720 447 761 ea
474 704 610 782 terseris,
640 702 811 780 splendidor
834 705 892 763 tiet.
934 707 1006 764 item
1034 705 1144 764 ahenea
1168 706 1265 764 omnia

121 802 254 887 rmguito,
278 807 330 867 sed
349 809 433 886 prius
458 816 609 886 extergeto
633 808 717 868 bene.
754 817 856 887 postea
879 828 947 870 oum
972 812 1105 887 unxeris,
1130 828 1197 870 cum
1222 812 1266 869 uti

122 911 214 992 voles,
238 920 399 993 extergeto.
441 914 623 993 splendidior
647 917 716 995 erit,
741 924 770 974 et
794 935 902 994 aerugo
927 935 985 976 non
1009 918 1066 976 erit
1089 916 1220 976 molesta.

209 1019 274 1080 Fici
296 1021 394 1081 aridae
418 1023 444 1081 si
466 1020 547 1081 voles
562 1023 607 1084 uti
620 1024 752 1100 integrae
768 1023 835 1103 sint,
859 1025 889 1081 in
905 1041 954 1082 vas
974 1022 1063 1083 tiotile
1079 1023 1205 1083 condito.
1230 1022 1424 1080 nxxxxvlttr

125 1127 151 1187 id
174 1145 295 1188 amurca
319 1127 596 1206 decootaunguito.

73 1246 114 1286 1⁰
209 1233 315 1294 Oleum
339 1235 418 1294 siin
442 1243 598 1295 metretam
616 1254 721 1295 noram
740 1235 890 1295 inditurus
906 1237 979 1313 erle,
1004 1254 1137 1310 amurca,
1161 1238 1201 1296 ita
1216 1238 1260 1296 uti
1286 1238 1302 1293 d

126 1347 165 1400 est
188 1340 295 1421 cruda,
317 1344 402 1420 prius
426 1342 556 1402 ooniuito
580 1334 748 1421 agitatoque
773 1342 836 1421 dIu,
861 1349 894 1402 ut
913 1341 988 1402 bene
1008 1342 1155 1403 oonhibat.
1192 1343 1221 1402 id
1238 1345 1263 1402 si

127 1445 241 1527 feceris,
266 1456 391 1509 metreta
414 1448 512 1509 oleum
536 1468 594 1508 uon
618 1448 708 1528 hibet,
733 1457 763 1509 et
781 1449 879 1509 oleum
900 1448 1005 1508 melius
1025 1451 1121 1530 saoiet,
1146 1458 1176 1510 et
1195 1453 1263 1528 'ipsa

127 1561 245 1615 metreta
268 1556 382 1616 tirmIor
406 1558 473 1616 erit.
995 1635 997 1640 Ι

207 1662 311 1740 Virgas
335 1670 466 1723 murteas
490 1665 516 1723 si
539 1663 619 1723 voles
639 1682 706 1723 cum
722 1663 803 1740 bqqis
818 1682 936 1743 ser-vare
951 1671 981 1740 et
995 1665 1077 1741 item
1080 1664 1157 1738 aliut
1168 1673 1311 1742 gerundi

349 1736 402 1748 ⁶,-
418 1731 464 1743 ν·-
484 1742 517 1752 d,
547 1731 608 1755 ν
654 1734 714 1749 ’.ιο

64 1785 111 1826 15
128 1768 199 1856 quod
223 1747 284 1853 vis,
308 1768 539 1850 eteramuios
563 1769 810 1859 donipeoqules
834 1788 909 1858 oum
926 1769 1015 1851 trdus,
1043 1770 1262 1851 11111τωίΙί-

122 1882 195 1955 gato,
219 1874 378 1935 fasciculos
394 1876 490 1957 tacito,
514 1895 564 1936 eos
579 1878 609 1935 in
625 1894 774 1936 amurcam
790 1853 945 1957 demittite,
966 1895 1055 1956 supra
1070 1884 1128 1937 stet
1142 1896 1261 1937 amurca

120 1979 216 2041 tacito.
255 1982 307 2041 sed
332 2001 365 2042 ea
390 2002 465 2061 quae
489 1982 673 2043 demissurus
698 1986 757 2043 eris
777 1985 885 2055 sumito
900 1983 987 2062 paulo
1004 1983 1165 2044 acerbiora.
1203 2002 1261 2064 vae,

115 2103 179 2163 quo
202 2088 385 2167 condideris,
410 2088 532 2149 oblinito
555 2088 649 2167 plane.

209 2194 240 2254 Si
263 2194 368 2257 bovem
392 2204 443 2256 aut
466 2196 551 2257 aliam
580 2199 713 2275 quamvis
743 2198 963 2276 quadrupedem
989 2215 1112 2276 serpens
1136 2217 1260 2258 momor·
1283 2203 1326 2259 eil

193 2409 205 2456 1
225 2401 401 2459 Vestimenta
424 2421 458 2458 ne
481 2403 574 2458 tineae
597 2404 718 2473 tangant
741 2404 817 2457 Plan.
838 2409 882 2470 15,
901 2408 936 2458 33
1045 2411 1060 2457 8
1083 2405 1143 2459 Fici
1166 2405 1260 2459 aridae

90 2487 198 2546 Plio.
216 2496 264 2560 15,
284 2497 319 2547 34
401 2500 434 2547 10
454 2493 553 2548 Oleum
572 2493 595 2546 si
614 2494 643 2546 in
661 2494 809 2547 metretam
829 2493 905 2548 Ptin.
926 2498 969 2559 15,
990 2498 1024 2546 33
1107 2499 1140 2547 14
1159 2492 1260 2564 Virgae

83 2581 241 2635 murtena
261 2583 338 2636 Pau.
357 2587 402 2648 15,
421 2587 456 2635 34

78 2701 129 2712 *h—
138 2710 330 2720 wm—--n

194 2781 206 2829 1
220 2777 251 2830 R.
267 2777 340 2831 CVII
354 2777 531 2832 Vestimenta
544 2793 579 2830 ne
593 2773 679 2828 tiniae
694 2772 814 2841 tangant
828 2772 855 2823 A
864 2773 910 2826 Pb
930 2772 1104 2826 Vestimenta
1118 2789 1152 2825 ne
1167 2773 1259 2827 tineae

66 2855 271 2934 ungunta
365 2866 452 2921 tiniae
472 2865 550 2931 Pas
563 2863 656 2918 tineae
675 2863 731 2917 boo
812 2877 925 2914 amurca
942 2861 970 2914 A
989 2877 1057 2915 corr.
1077 2867 1122 2914 -oa
1141 2860 1181 2913 AI

62 2947 242 3010 ³-tiniae
262 2956 354 3010 PAR
372 2957 500 3009 tineaeo
607 2949 866 3021 Asuppelleotilem
884 2951 932 3003 Ae
1038 2950 1166 3018 putescat
1184 2950 1260 3006 PAc

60 3037 260 3107 rut-nouat
278 3046 293 3098 b
312 3044 455 3114 putrescet
472 3061 489 3096 a
579 3041 720 3095 tahenea
740 3040 807 3106 Pef
830 3055 917 3093 aenea
935 3039 972 3092 bo
1000 3039 1107 3093 abenea
1125 3042 1152 3093 A

194 3137 208 3186 8
225 3133 257 3188 R.
276 3132 363 3187 CVIII
386 3132 445 3187 Fici
468 3132 544 3186 aride
567 3132 598 3184 ut
621 3130 729 3198 integre
753 3128 808 3182 sint
826 3127 853 3180 A
880 3127 940 3180 Fici
958 3125 1054 3180 aridae
1072 3128 1115 3182 uti
1132 3128 1260 3198 integrae

61 3208 181 3271 Vns:
199 3223 224 3275 P
240 3223 301 3278 rici
320 3224 397 3277 aride
415 3223 458 3276 uti
476 3222 584 3292 integre
602 3221 671 3274 fiant
690 3221 704 3272 b
724 3217 783 3271 Fici
802 3218 897 3272 aridae
915 3220 947 3271 ut
964 3216 1090 3286 integrae
1109 3215 1195 3270 sinte

62 3298 87 3348 Vi
146 3306 294 3382 integrae
314 3311 371 3366 siut
394 3310 486 3364 VAR
1049 3341 1051 3346 ·

196 3404 225 3454 10
242 3401 274 3454 R.
295 3399 396 3454 CVIIII
421 3397 519 3453 Oleum
540 3397 563 3452 si
582 3399 611 3451 in
630 3397 777 3450 metretam
800 3395 886 3448 addes
904 3395 932 3448 A
944 3396 1026 3460 Viat,
1051 3394 1149 3448 Oleum
1172 3392 1213 3446 aio
1230 3393 1260 3445 in

70 3481 268 3544 metretam
291 3489 379 3544 addes
400 3488 427 3539 P
455 3487 550 3541 Oleam
575 3486 597 3540 si
620 3485 648 3539 in
672 3484 854 3538 metretamb
884 3482 980 3537 Oleum
1007 3486 1047 3537 sio
1065 3482 1093 3536 in
1112 3483 1259 3536 metretam

75 3564 232 3633 'indere
314 3576 385 3632 siin
404 3575 464 3629 AR
483 3575 522 3629 aio
539 3583 551 3629 i
570 3593 599 3644 o,
618 3575 667 3628 abt
685 3591 700 3627 o
719 3573 842 3627 delevisse
859 3572 967 3625 uidetur
988 3573 1016 3624 P
1091 3578 1123 3625 11
1144 3570 1259 3626 oolluito

84 3647 226 3734 Idas
238 3666 343 3722 aarum
363 3682 377 3719 ο
403 3682 407 3689 =
449 3664 561 3719 aaaron
578 3682 594 3718 a
613 3663 726 3717 aaaron
746 3661 774 3714 P
791 3660 922 3714 conuiuae
941 3659 1000 3713 aa

197 3761 225 3810 14
242 3757 275 3811 R.
296 3755 344 3810 CX
361 3753 462 3824 Virgae
481 3757 602 3809 murteas
621 3755 756 3820 (muroena
771 3751 796 3818 b)
814 3748 858 3804 uti
877 3765 969 3802 sernas
986 3749 1057 3802 Item
1075 3749 1153 3802 aliud
1172 3766 1259 3816 genus

97 3827 206 3898 APb
221 3845 321 3914 Virgae
340 3846 460 3914 myrteas
479 3843 522 3896 uti
540 3859 644 3897 nerues:
663 3841 732 3895 item
751 3839 828 3894 aliud
847 3853 969 3906 genusa
1064 3834 1141 3888 banis
1161 3835 1265 3900 Paos

102 3920 214 3988 istosin
231 3952 265 3990 co
337 3932 408 3987 aliut
428 3932 456 3985 P
472 3931 551 3986 aliud
568 3931 615 3985 Ro
635 3929 705 3985 alius
724 3931 751 3982 A
825 3934 856 3982 17
876 3925 930 3980 erit
948 3927 975 3978 A
994 3939 1063 3978 corr.
1083 3921 1137 3977 eris
1156 3922 1196 3975 A²

10 4050 12 4057 '
113 4026 148 4080 ¹⁸
176 4043 241 4113 quo]
260 4063 280 4109 q
298 4038 326 4094 A
345 4055 411 4094 corr.
432 4032 451 4108 ἃ
469 4038 510 4092 Α2

101 4158 113 4181 s
197 4133 225 4184 19
243 4130 275 4183 It.
295 4129 355 4183 CXI
379 4127 409 4181 si
427 4127 528 4181 bouem
548 4128 597 4180 aut
615 4126 699 4180 aliam
718 4122 927 4192 quadrupedem
947 4135 1059 4188 serpens
1078 4116 1260 4173 momorderit

131 4198 205 4271 ΑΡὸ
223 4219 251 4273 Si
269 4219 370 4273 bouem
389 4217 530 4284 aliamque
549 4214 758 4286 quadrupedem
777 4228 890 4283 serpens
909 4208 1123 4265 momorderItv
