3000 5026
398 345 447 399 nu
465 344 553 399 acm
573 343 743 400 crurum
762 345 791 400 c.
814 347 981 405 102-106
1055 335 1057 338 ’
1223 347 1264 412 tt

119 529 215 589 usque
243 510 278 571 ad
304 511 471 572 solstitium.
509 512 607 591 siquid
637 514 819 591 superfuerit
847 523 914 592 post
942 489 1117 595 solstitium,
1146 523 1264 576 acetum

118 620 296 678 acerrimum
320 627 351 679 et
373 619 607 698 pulcherrimum
631 622 696 679 erit.

207 724 265 795 Qui
288 744 357 804 ager
382 726 467 804 longe
492 744 508 785 a
532 729 607 786 mari
630 726 738 806 aberit,
762 727 804 787 ibi
827 730 927 788 vinum
947 746 1086 807 graecum
1106 731 1148 789 sic
1164 730 1262 792 facito.
1282 731 1324 788 GV

117 834 209 893 musti
228 846 259 905 Q.
274 847 321 920 ux
345 834 376 891 in
399 831 545 892 aheneum
568 841 619 892 aut
638 832 810 911 plumbeum
825 835 987 915 infundite,
1011 836 1110 912 ignem
1134 836 1261 897 subdito,

94 938 169 998 subi
192 937 317 998 bullabit
340 940 455 1019 vinnm,
479 941 576 1017 iguem
601 939 766 1000 subducite.
804 939 909 1001 ubi'id
934 946 1033 1004 vinum
1051 943 1210 1023 refrixerit,
1235 945 1264 1002 in

118 1043 228 1104 dolium
258 1044 524 1122 quadragenarium
553 1045 709 1105 infundito.
747 1064 883 1107 seorsum
913 1050 943 1107 in
971 1067 1022 1108 vas
1050 1068 1141 1128 aquae
1171 1049 1266 1109 dulcis

120 1201 175 1260 ql
199 1187 363 1267 infundite,
388 1187 456 1248 salis
477 1159 543 1269 ldl,
568 1190 657 1248 sinito
671 1190 796 1247 muriam
812 1189 886 1249 fieri.
922 1189 975 1250 ubi
992 1194 1089 1251 muria
1104 1192 1179 1251 faeta
1199 1193 1267 1271 erit,
1286 1205 1304 1259 2

28 1343 34 1351 .
120 1294 220 1354 eodem
244 1297 275 1355 in
299 1295 410 1354 dolium
445 1296 601 1356 infundite.
640 1295 801 1355 schoenum
830 1303 860 1356 et
883 1296 1040 1359 calamum,
1056 1301 1086 1359 in
1114 1298 1172 1376 pila
1197 1316 1265 1357 con.

121 1401 247 1480 tundito,
276 1401 354 1480 quod
379 1403 435 1462 siet
459 1405 620 1463 sextarium
644 1421 750 1482 unum,
779 1402 883 1463 eodem
911 1405 942 1463 in
966 1404 1077 1465 dolium
1109 1405 1265 1483 infundite,

59 1515 151 1568 mut
173 1508 329 1568 odoratum
354 1510 418 1568 siet.
455 1517 523 1588 post
547 1509 610 1569 dies
629 1522 702 1570 xxx
721 1509 832 1569 dolium
857 1510 989 1571 oblinito.
1026 1511 1061 1570 ad
1086 1530 1139 1571 ver
1158 1512 1263 1571 diffun-

122 1613 177 1674 dito
201 1617 232 1674 in
256 1615 421 1694 amphoras.
464 1616 615 1676 biennium
640 1619 670 1676 in
695 1616 756 1677 sole
781 1618 869 1677 sinito
893 1619 1024 1696 positum
1048 1637 1122 1680 esse.
1156 1619 1263 1679 deinde

122 1720 282 1781 intectum
307 1724 449 1783 conferto.
488 1723 545 1783 boe
569 1726 669 1784 vinnm
695 1725 827 1784 deterius
851 1743 909 1784 non
934 1727 992 1784 erit
1015 1744 1103 1804 quam
1127 1745 1221 1786 coum.

203 1828 305 1906 Aquae
334 1831 463 1888 marinae
484 1845 541 1903 ql
569 1849 603 1889 ex
638 1829 695 1889 alto
725 1833 847 1910 sumito,
880 1850 938 1909 quo
971 1850 1046 1911 aqua
1077 1831 1173 1892 duleis
1201 1851 1260 1893 non
1280 1847 1334 1906 cvl

124 1933 238 1994 accedit.
273 1920 480 2013 sesquilibram
505 1935 574 1995 salis
598 1935 711 2015 frigito,
740 1936 844 1996 eodem
868 1920 961 1997 indito
985 1945 1015 1997 et
1038 1938 1112 1997 rude
1136 1940 1260 1998 misceto

48 2057 107 2101 15
125 2057 210 2119 usque
244 2040 331 2117 adeo,
364 2041 458 2101 donee
486 2061 573 2102 ovum
601 2041 795 2120 gallinaceum
824 2050 941 2102 coctum
972 2042 1097 2122 natabit,
1130 2044 1258 2105 desinito

122 2148 250 2207 miscere.
288 2147 392 2208 eodem
414 2150 475 2208 vini
499 2150 607 2208 veteris
627 2148 672 2208 vel
687 2151 809 2209 aminnii
823 2149 868 2208 vel
884 2149 1007 2210 miscelli
1023 2149 1081 2208 albi
1096 2152 1217 2228 congios
1233 2166 1258 2211 11
1280 2161 1298 2216 2

92 2252 275 2335 infundite,
308 2256 432 2315 miseeto
464 2255 566 2333 probe.
603 2264 705 2335 postea
728 2258 758 2317 in
788 2275 837 2316 vas
866 2258 996 2336 picatum
1024 2257 1197 2317 confundite
1227 2265 1257 2318 et

115 2359 246 2422 oblinito.
285 2364 378 2446 siquis
406 2360 472 2459 plus
501 2362 581 2472 Q
610 2381 703 2442 aquae
732 2365 862 2450 marinae
891 2365 1084 2447 cornuinare,
1112 2382 1257 2455 PJ⁰A⁰s¹

110 2470 196 2530 tione
219 2489 253 2530 ea
264 2469 495 2552 omiubjacito.

138 2549 260 2566 Ν

187 2737 201 2786 3
220 2729 318 2785 riuum
337 2745 468 2800 graecum
487 2747 510 2784 c.
529 2735 568 2786 24

83 2868 325 2884 κ--η-

222 2986 235 3033 1
265 2978 416 3033 solstitium
442 2983 554 3045 utroque
576 2977 632 3029 loco
654 2974 698 3029 Vb
724 2974 878 3027 solsticium
901 2981 1014 3042 citroque
1037 2975 1080 3040 cf,
1109 2973 1260 3029 solstitium

62 3065 204 3122 eriere
217 3068 319 3133 loe'o,A
334 3065 496 3120 solistitium
513 3065 694 3133 posterioreA
767 3068 782 3115 1
802 3062 953 3116 acerimum
972 3064 1001 3116 et
1018 3060 1221 3137 pulcherimum
1232 3063 1258 3114 A

187 3163 201 3208 3
219 3156 251 3210 R.
271 3155 371 3210 CXIIII
387 3155 440 3220 Qui
458 3171 525 3224 ager
539 3170 556 3206 a
570 3152 641 3206 mari
658 3151 748 3206 aberit
767 3150 889 3230 (haberit
902 3150 940 3219 A)
959 3150 1000 3204 ibi
1013 3150 1108 3203 uinum
1128 3164 1258 3218 graecum

54 3230 121 3288 ⁸10
181 3243 263 3299 ruico
283 3244 345 3297 ΑΡ
367 3245 450 3312 rua,
479 3240 532 3308 oui
560 3259 625 3312 eger
648 3257 665 3294 a
688 3240 758 3294 mera
781 3237 871 3294 aneae
897 3238 938 3294 aaa
962 3239 1057 3293 uanum
1086 3256 1199 3308 grecum
1219 3239 1258 3293 ae

51 3316 202 3388 ffssias
219 3334 235 3388 b
264 3333 318 3399 Qui
342 3350 409 3404 ager
427 3350 444 3386 a
463 3331 533 3386 mari
551 3331 634 3399 longe
654 3328 745 3384 aberit
756 3328 802 3383 'ibi
820 3328 917 3382 uiuum
935 3345 1067 3415 graecum
1081 3328 1121 3383 sie
1140 3328 1258 3384 facitoo

51 3464 64 3511 4
101 3475 287 3532 aheneum
309 3477 367 3530 ΡΑ
385 3477 508 3531 ahenum
527 3491 561 3529 cc
581 3473 732 3528 aeneumb
840 3422 988 3526 Scondllo
1007 3471 1034 3524 A
1107 3472 1257 3538 bfortosse

53 3564 191 3618 qnod
208 3565 276 3620 satis
296 3565 350 3619 siet
432 3570 464 3618 10
484 3563 630 3617 odoratum
648 3563 683 3627 fo
702 3560 848 3614 oderatum
867 3561 946 3614 PAb
965 3560 1130 3614 odoratusc
1209 3561 1256 3614 do-

54 3638 186 3708 nnn
203 3673 251 3711 cm.
270 3655 307 3723 A,
326 3655 391 3710 aaa.
414 3654 469 3708 re
561 3658 592 3705 11
612 3649 754 3704 biennium
778 3649 846 3716 ref
859 3649 984 3705 arentum
1003 3650 1031 3703 A
1049 3647 1162 3703 biennio
1182 3649 1196 3703 o
1215 3648 1256 3702 u-

60 3727 201 3798 lmum
219 3745 372 3800 Pontedera
386 3761 415 3813 p.
436 3748 472 3798 70
544 3741 665 3810 positam
684 3757 752 3794 corr.
772 3741 844 3794 -tum
862 3740 890 3792 A

190 3838 220 3887 13
238 3835 270 3887 Ii.
291 3831 364 3886 CXV
382 3832 463 3899 Aque
482 3831 587 3884 marine
606 3828 758 3885 eontinatio
773 3828 800 3880 A
819 3827 917 3895 Aquae
936 3829 1061 3884 marinae
1080 3827 1256 3883 concinnatio

71 3900 150 3962 Vb
242 3921 340 3990 Aquae
358 3919 482 3975 marinae
501 3938 526 3988 q.
546 3920 559 3971 l
577 3925 602 3974 et
620 3920 651 3972 in
669 3918 792 3988 rnarqine
817 3914 1103 3983 al'.quadrantarium
1123 3917 1151 3969 P
1177 3915 1256 3983 Aque
1288 3934 1329 4001 ,ο

76 4009 219 4065 marine
238 4031 265 4080 q.
287 4010 389 4076 lAbf
412 4008 509 4078 Aquae
528 4008 650 4062 marinae
670 4005 898 4076 quadrantariam
917 4023 1002 4057 unum
1021 4021 1035 4057 c
1059 4003 1156 4070 Aquae
1175 4005 1256 4058 mari-

84 4096 168 4145 nae
189 4098 360 4168 quartarium
377 4116 394 4153 a
503 4104 536 4150 14
555 4097 663 4150 aceedit
683 4095 753 4162 be
769 4092 862 4148 aeedit
880 4093 907 4146 A
927 4091 1018 4145 aeebit
1037 4107 1050 4144 c
1069 4090 1186 4145 accedat
1204 4108 1220 4144 v

93 4183 311 4256 fflsquifibrum
330 4204 396 4242 corr.
417 4204 474 4241 -am
492 4187 519 4239 A
629 4185 694 4238 salis
714 4200 763 4238 om.
783 4184 823 4247 A,
843 4182 906 4236 cdd.
929 4179 987 4234 VR
1076 4179 1172 4249 frigito
1193 4180 1256 4234 PR

100 4259 237 4346 {tangito
256 4277 284 4330 A
302 4275 416 4346 tanqu
435 4294 450 4330 v
539 4280 571 4328 15
590 4273 777 4343 gallinaceum
796 4268 1019 4339 agalmatum
1038 4270 1065 4323 A
1084 4267 1207 4339 gannac
1232 4270 1258 4323 r

181 4368 289 4421 coetum
308 4382 357 4419 cm.
376 4366 520 4420 Iucundos
585 4369 618 4417 16
637 4360 753 4416 aminnii
774 4359 876 4425 PAbf
890 4358 987 4412 amiuii
1006 4375 1040 4412 eo
1115 4364 1147 4413 18
1166 4357 1252 4429 siquis

122 4434 209 4509 PAR
226 4453 364 4526 siquidem
382 4471 398 4510 a
472 4461 505 4510 19
525 4471 558 4509 ea
576 4453 670 4508 omnia
688 4452 747 4506 AR
766 4450 859 4504 omnia
877 4465 911 4504 ea
934 4448 961 4501 V
