3000 5026
182 325 247 389 288
673 325 860 381 VARRONIS

181 494 310 552 munitas
342 493 482 572 tectorio,
520 491 571 551 sed
604 510 659 570 pro
687 492 878 553 columbariis
907 494 938 552 in
967 495 1079 572 pariete
1113 492 1245 553 mutulos
1278 501 1331 553 ant

180 599 264 678 palos
282 602 312 659 in
332 600 475 680 ordinem,
496 618 584 678 supra
605 618 680 678 quos
699 599 875 677 tegeticulae
894 599 1076 660 cannabinae
1095 602 1156 662 sint
1172 602 1330 679 inpositae.

180 708 316 767 intimum
343 706 478 767 ordinem
507 717 625 786 oportet
653 706 756 767 abesse
785 726 801 766 a
829 717 908 767 terra
937 725 995 768 non
1019 709 1118 768 minus
1142 716 1205 768 tres
1227 707 1331 788 pedes,

179 816 259 874 inter
287 813 419 892 reliquos
447 812 618 893 dodrantes,
649 832 665 871 a
694 831 809 873 summo
838 813 872 872 ad
902 831 1048 873 camaram
1076 814 1113 874 ad
1137 814 1331 895 semipedem,

180 915 273 1000 aeque
303 920 394 982 latum
418 940 452 981 ac
476 920 608 981 mutulos
632 938 648 979 a
671 922 783 998 pariete
808 927 909 980 extare
933 928 1046 1000 potest,
1074 922 1105 980 in
1129 920 1240 1000 quibus
1264 921 1331 982 dics
1359 937 1371 976 c

180 1037 343 1106 noctesque
369 1038 542 1106 pascuntur.
581 1026 692 1087 cibatui
716 1027 794 1106 quod
819 1031 866 1105 sit,
890 1028 1024 1089 obiciunt
1047 1029 1182 1088 triticum
1206 1030 1332 1110 siccum,

179 1139 210 1195 in
239 1144 381 1196 centenos
410 1138 529 1195 vicenos
557 1143 692 1195 turtures
720 1135 782 1194 lere
812 1135 990 1216 semodium,
1019 1135 1127 1195 cotidie
1157 1145 1332 1196 everrentes

181 1261 284 1303 eorum
309 1240 438 1322 stabula,
467 1241 527 1319 [ac]
553 1250 685 1301 stercore
709 1259 746 1300 ne
770 1240 970 1321 offendantur,
994 1241 1072 1319 quod
1097 1243 1169 1302 item
1194 1252 1333 1304 servatur

180 1349 215 1410 ad
241 1368 344 1427 agrum
369 1348 534 1409 colendum.
577 1349 612 1409 ad
638 1346 830 1434 saginandum
855 1348 1106 1426 adpositissimum
1131 1358 1250 1428 tempus
1273 1352 1333 1410 cir·

180 1460 255 1518 citer
287 1475 421 1517 messem.
473 1457 582 1515 etenim
617 1464 727 1515 matres
760 1473 864 1515 eorum
893 1462 956 1515 tum
985 1457 1112 1533 optimae
1142 1464 1226 1536 sunt,
1260 1475 1331 1517 cum
1346 1477 1372 1515 ro

179 1563 252 1642 pulli
276 1564 396 1642 plurimi
419 1566 591 1642 gignuntur,
616 1565 667 1641 qui
691 1561 725 1622 ad
750 1561 894 1621 farturam
919 1560 1064 1623 meliores.
1097 1562 1198 1641 itaque
1224 1581 1330 1624 eorum

179 1671 296 1730 tructus
319 1671 349 1730 id
373 1672 517 1749 temporis
541 1671 667 1729 maxime
692 1670 836 1729 consistit.

125 1777 166 1838 lX
269 1778 373 1855 Axius,
402 1776 463 1853 Ego
492 1795 567 1854 quae
597 1778 717 1854 requiro
742 1793 879 1835 sarsurae
903 1792 1024 1835 assurae
1044 1775 1193 1857 membra,
1218 1777 1254 1838 de
1280 1797 1332 1856 pa·

178 1882 287 1943 lumbis
312 1882 428 1961 gallinis
447 1883 494 1943 dio
515 1883 610 1963 sodes,
632 1881 758 1943 Merula:
787 1890 850 1942 tum
869 1881 906 1941 de
926 1881 1049 1961 reliquis
1068 1883 1166 1961 siquid
1186 1884 1331 1946 idoneum

179 1991 269 2051 luerit
301 1993 485 2070 ratiocinari,
522 1989 631 2050 licebit.
688 1989 782 2068 lgitur
815 1998 884 2050 sunt
916 1988 1041 2068 gallinae
1074 2009 1149 2069 quae
1183 2001 1332 2053 vocantur
1347 2007 1373 2048 15

153 2104 325 2177 2generum
345 2099 444 2177 trium,
463 2096 606 2157 villaticae
626 2104 656 2156 et
670 2099 799 2157 rusticae
815 2103 845 2156 et
859 2096 1014 2156 africanae.
1042 2095 1166 2175 gallinae
1183 2098 1331 2165 villaticae

178 2213 255 2285 sunt,
280 2223 353 2284 quas
377 2205 518 2282 deinceps
542 2222 613 2264 rure
637 2203 747 2264 babent
770 2206 800 2262 in
826 2201 910 2263 villis.
948 2203 984 2262 de
1008 2202 1055 2262 bis
1079 2206 1130 2281 qui
1154 2205 1331 2291 0001100100-

178 2314 261 2398 scion
290 2314 447 2372 instituere
480 2310 556 2403 pp-lt,
589 2310 618 2370 id
652 2319 702 2407 est
730 2308 861 2371 adbibita
894 2286 1078 2408 scientia-'ao
1099 2287 1178 2373 eitra
1208 2315 1331 2392 capiant

337 2404 377 2418 Ἀ

249 2524 282 2571 15
301 2518 391 2587 Igitur
410 2518 475 2570 sunt
493 2516 616 2587 gallinae
637 2517 739 2571 Uolum.
764 2517 850 2571 VIII
866 2521 886 2572 2
903 2534 1014 2588 geopon.
1036 2518 1089 2571 XI
1091 2519 1117 2572 V
1133 2524 1152 2574 7

239 2721 252 2767 1
272 2712 403 2783 parietes,
417 2714 464 2768 sed
479 2731 491 2767 s
505 2713 620 2767 deletum
634 2713 662 2765 A
725 2712 847 2768 mutulos
861 2730 877 2767 0
892 2713 995 2768 multos
1016 2714 1070 2768 ΡΒ
1085 2714 1190 2769 multus
1205 2733 1278 2774 corr.
1295 2750 1330 2760 —

177 2821 208 2858 os
227 2805 255 2859 A
345 2810 360 2856 2
384 2801 414 2855 in
437 2801 563 2855 ordinem
584 2801 676 2855 PAR
698 2801 727 2855 in
749 2803 880 2856 ordineo
972 2803 1145 2859 cannabinae
1163 2805 1224 2860 AB
1245 2824 1330 2864 cena

175 2893 258 2946 binae
286 2892 312 2945 V
398 2892 454 2945 sint
480 2890 630 2959 impositae
655 2890 715 2944 PB
746 2894 811 2945 sunt
838 2890 987 2960 impositae
1013 2891 1092 2948 Amo
1182 2901 1200 2947 4
1232 2913 1329 2952 cama-

175 2998 235 3035 ram
254 2982 306 3035 PA
327 2997 465 3034 eameram
484 2980 563 3033 Bam
654 2978 826 3033 ssobiiciunt
847 2980 874 3033 V
962 2980 1065 3051 isere]
1084 2981 1156 3036 ferre
1174 2983 1235 3037 Am

175 3070 279 3126 cotidie
305 3071 364 3124 AB
388 3068 504 3124 cottidie
529 3069 558 3122 P
579 3066 742 3136 quotidieo
852 3069 996 3123 euerentes
1017 3070 1045 3122 A
1152 3077 1168 3125 8
1198 3087 1231 3126 ec
1257 3077 1330 3130 ster-

176 3229 238 3267 core
261 3212 320 3266 AB
349 3228 366 3264 a
394 3214 515 3267 stercore
543 3211 570 3264 V
656 3217 671 3265 9
700 3209 940 3279 appositissimum
962 3212 991 3265 B
1018 3170 1213 3280 apotissimum
1237 3218 1266 3271 A
1291 3219 1330 3272 ad

174 3301 352 3371 potissimum
373 3301 401 3354 P
418 3301 593 3371 aptissimum
611 3317 638 3354 m
655 3297 832 3369 potissimum
852 3317 867 3353 0
941 3306 972 3354 11
993 3299 1128 3370 giguntur
1146 3306 1175 3360 A

231 3396 263 3443 13
278 3389 394 3463 Sarsurp
408 3407 503 3462 assare
515 3389 573 3442 ΡΒ
588 3405 696 3443 sarsore
710 3403 790 3442 asure
800 3389 828 3441 A
842 3389 992 3443 fertureea
1007 3406 1070 3443 sura
1079 3405 1104 3442 0.
1129 3385 1250 3442 ‘Emeum
1260 3389 1330 3443 libri

174 3480 246 3534 iuter
264 3497 290 3534 ee
309 3479 422 3543 diuersi,
440 3479 540 3532 nedum
558 3480 645 3532 solum
664 3478 698 3532 ab
717 3479 840 3546 uute'quis
854 3479 1012 3546 discrepent.
1041 3479 1073 3531 im
1086 3477 1282 3545 uetmtisoimo,
1301 3482 1329 3532 et

174 3571 275 3638 optimo
289 3569 439 3637 exemplari
452 3568 593 3620 mendosus
608 3569 689 3621 etium
703 3568 777 3621 loeus
791 3571 838 3632 est,
857 3568 914 3620 eim
928 3568 1094 3635 scripturum
1111 3567 1156 3621 bic
1170 3582 1327 3636 oppoucmz

174 3658 235 3725 Ego
258 3674 329 3725 quae
353 3654 466 3724 requiro
490 3670 614 3709 sarsurae
638 3671 764 3722 ausurae,
788 3659 840 3709 etc.
877 3655 916 3708 Im
933 3657 1087 3710 semimtere
1101 3670 1155 3724 pro
1175 3653 1326 3724 Soreurue,

175 3745 313 3812 Salsurae,
328 3751 433 3799 caetera
447 3745 548 3799 eadem’
565 3744 702 3800 Victorius
754 3751 786 3798 lb
802 3742 991 3799 ratiocinario
1004 3743 1170 3799 raciocinari
1179 3743 1238 3797 PB
1254 3744 1326 3800 reci·

175 3833 246 3888 meri
264 3835 301 3887 A.
335 3833 493 3888 ‘Racemari
510 3851 566 3887 non
586 3833 666 3903 potui
682 3834 830 3905 [recemari
844 3832 942 3888 licebit
954 3835 986 3888 im
1000 3834 1138 3904 editione}
1172 3834 1224 3888 Ito
1238 3851 1324 3889 emen·

175 3926 257 3990 daut,
281 3929 362 3992 recte,
385 3930 417 3977 ut
436 3925 545 3993 opicae,
566 3925 681 3978 modeste
699 3929 780 3990 certe,
799 3929 823 3977 et
841 3927 1032 3992 temperantem
1055 3927 1134 3976 uetus
1147 3923 1227 3993 ,enim
1247 3924 1324 3978 lectio

174 4012 325 4068 Racimari:
345 4018 435 4080 autea,
450 4013 635 4080 Ratioeimcm',
650 4014 823 4080 incommode,
836 4013 894 4066 ulei
906 4013 998 4078 failor,
1013 4017 1037 4065 et
1051 4012 1153 4065 imolae
1169 4010 1320 4081 tacebatur
1375 4062 1378 4068 .

177 4101 315 4157 Victorias
386 4102 407 4156 li
424 4104 427 4170 Ι
444 4102 520 4157 cebit
538 4102 579 4155 De
598 4100 711 4170 gallinis
727 4101 732 4168 Ι
747 4100 845 4168 igitur,
863 4101 910 4154 sed
928 4101 1042 4155 rubrica
1058 4101 1192 4169 seriptum
1206 4100 1251 4157 De
1266 4099 1319 4172 gel·

173 4190 237 4245 linis
261 4197 285 4245 et
307 4193 413 4260 reir'qua
431 4207 502 4260 para
524 4206 616 4244 aereus
640 4206 730 4244 ccccc
751 4190 847 4242 relicta
865 4189 892 4242 A
963 4185 1317 4259 vocantur]uoeitatu1A
1359 4245 1362 4249 ,

246 4284 279 4332 16
298 4277 428 4332 affiicane
445 4279 473 4334 A
561 4285 592 4332 17
612 4277 840 4333 ornithoboscion
861 4276 919 4330 ΡΒ
939 4276 1150 4332 ornitbobosion
1168 4277 1232 4332 Am
1252 4274 1321 4334 orni·

174 4365 370 4422 thonostionc
444 4374 477 4421 18
496 4367 558 4431 uult
577 4368 670 4421 PAB
689 4366 821 4421 uolunta
893 4367 922 4419 id
942 4368 985 4420 est
1002 4365 1131 4420 adbibita
1146 4366 1206 4418 PB
1226 4368 1276 4422 ide
1293 4368 1325 4422 ut

173 4454 266 4509 hibita
288 4458 336 4513 A.
351 4459 361 4510 i
376 4500 382 4512 .
397 4463 429 4510 ut
456 4457 555 4512 habita
572 4474 599 4511 m
626 4455 711 4510 iidem
739 4456 867 4510 adbibita
889 4472 913 4509 0.
950 4455 1067 4522 sumcere
1093 4455 1166 4510 unde
1191 4455 1326 4512 adhibita
