3000 5026
482 338 530 399 on
549 343 639 399 noar
658 338 825 399 overran
845 343 874 401 o.
893 343 1025 403 41-45
1154 294 1157 300 ⁴
1286 342 1329 406 ao

184 508 295 569 vitibus
310 509 408 570 sulcos
427 518 457 570 et
476 513 653 590 propagines
677 513 921 573 nemausen
940 525 956 573 s
977 529 1096 591 quoquo
1113 529 1216 578 versus
1231 512 1328 572 lacito.
1354 515 1371 570 2

184 618 210 676 si
234 616 314 677 voles
338 619 422 678 vinea
447 619 505 677 cito
530 626 645 678 oresoat
668 626 697 679 et
721 619 784 679 olea
807 638 895 698 quarn
920 621 1043 699 severiS,
1068 619 1159 678 semel
1178 621 1208 679 in
1228 636 1329 678 mense

192 681 317 712 f„
365 683 399 698 ‘-
455 691 487 703 α
549 692 598 705 ..ae-

183 722 284 784 suloos
315 732 345 784 et
373 726 485 785 circum
514 727 609 805 capita
638 725 786 804 oleaginea
815 735 888 805 quot
915 726 1081 805 mensibus,
1112 745 1207 804 usque
1235 726 1329 785 donec

185 832 290 891 trimae
314 841 415 912 erunt,
444 831 544 893 fodere
569 841 693 911 oportet.
735 832 955 895 eodemmodo
980 841 1094 894 oeteras
1118 832 1239 892 arbores
1263 850 1330 910 pro-

155 949 169 989 5
183 946 298 999 curato.

273 1045 421 1107 Olivetnm
445 1047 550 1107 diebus
569 1063 615 1109 xv
643 1056 710 1109 ante
739 1049 958 1126 aequinoctium
983 1065 1107 1107 vernum
1130 1048 1252 1124 incipito
1277 1065 1329 1125 pu·
1348 1055 1446 1111 XLllll

183 1160 257 1212 tare.
304 1172 340 1213 ex
356 1173 390 1214 eo
405 1155 453 1215 die
468 1155 617 1217 diestv
633 1163 714 1215 recte
729 1155 856 1234 putabis.
893 1155 923 1215 id
942 1155 998 1214 hoe
1017 1154 1104 1214 modo
1125 1161 1235 1231 putato.
1273 1172 1330 1232 qua

184 1257 269 1319 locus
292 1269 374 1320 reete
398 1261 479 1321 ferax
503 1263 573 1342 erit,
602 1280 677 1340 quae
701 1261 782 1321 arida
806 1268 907 1340 erunt,
936 1268 965 1320 et
989 1260 1087 1340 siquid
1112 1269 1217 1320 ventus
1241 1260 1330 1320 inter·

113 1405 118 1410 -
185 1365 384 1446 inegerit‚.ea
412 1369 509 1428 omnia
538 1370 667 1428 eximito.
709 1387 766 1446 qua
796 1367 879 1428 locus
907 1367 988 1428 ferax
1016 1386 1075 1427 non
1104 1367 1173 1447 erit,
1203 1365 1232 1424 id
1264 1365 1331 1442 plus

141 1493 168 1530 ro
183 1471 334 1532 concidito
358 1480 507 1552 aratoque.
546 1474 621 1534 hene
646 1475 771 1536 enodato
795 1475 963 1552 stirpesque
987 1473 1059 1533 levis
1083 1473 1179 1533 facito.

273 1578 377 1638 Taleas
400 1580 579 1660 oleagineos,
607 1598 680 1658 quas
708 1583 738 1640 in
766 1580 870 1649 scrobe
895 1588 1014 1641 saturus
1038 1582 1110 1659 eris,
1139 1580 1326 1659 tripedaneas
1345 1588 1414 1645 XLV

127 1732 128 1735 ,
182 1684 314 1746 decidito
339 1686 555 1766 diligenterque
579 1696 718 1768 tractato,
742 1706 779 1748 ne
803 1688 879 1749 liber
902 1688 1028 1768 laboret,
1052 1707 1120 1748 cum
1143 1687 1256 1748 dolabis
1280 1694 1331 1746 aut

182 1791 308 1852 secabis.
351 1795 478 1871 quasin
505 1796 663 1855 seminario
693 1803 812 1855 saturus
841 1799 914 1875 eris,
942 1795 1054 1874 pedalis
1083 1795 1185 1874 tacito,
1214 1813 1263 1854 eas
1287 1795 1329 1853 sio

183 1899 317 1960 inserito.
354 1899 438 1960 loeus
461 1899 570 1979 bipalio
594 1901 734 1962 subactus
759 1905 816 1962 siet
840 1898 974 1981 beneque
998 1911 1078 1962 terra
1093 1910 1195 1962 tenera
1210 1901 1266 1960 siet
1281 1900 1329 1960 he-

148 2021 173 2060 io
187 2021 285 2085 neque
308 2006 412 2085 glittus
436 2010 500 2069 siet.
538 2028 605 2070 cerm
629 2009 734 2069 taleam
754 2010 905 2090 demittas,
933 2009 1008 2088 pede
1032 2008 1137 2069 taleam
1162 2009 1329 2086 opprimito.
1354 2010 1372 2065 2

188 2111 215 2169 si
240 2131 344 2190 parum
371 2114 544 2196 descendet,
571 2115 705 2175 malleolo
734 2124 784 2176 aut
811 2115 936 2175 mateola
964 2115 1073 2194 adigito
1102 2121 1263 2193 cavetoque
1291 2133 1328 2174 ne

190 2212 294 2291 librum
317 2221 450 2301 scindas,
473 2240 540 2282 oum
564 2220 672 2300 adiges.
709 2222 775 2301 palo
799 2225 883 2302 prius
902 2222 1000 2283 locum
1015 2241 1051 2282 ne
1072 2222 1187 2303 seceris
1211 2240 1270 2300 quo
1289 2229 1330 2281 ta-

195 2317 263 2385 leam
285 2326 430 2388 demittas.
473 2329 498 2387 si
521 2329 562 2388 ita
585 2331 697 2389 severis
721 2332 765 2390 uti
788 2337 848 2390 stet
870 2330 959 2411 talea,
981 2329 1088 2409 melius
1112 2331 1197 2389 vivet.
1238 2327 1330 2387 taleae
1355 2330 1373 2387 3

201 2455 400 2474 Ἢ..-

262 2540 276 2587 o
295 2532 437 2588 Olivetnm
455 2534 531 2590 Plin.
551 2540 595 2601 17,
614 2539 670 2590 127
745 2542 794 2590 '11
814 2536 915 2592 Taleae
935 2536 1093 2606 oleagineos
1114 2535 1192 2590 Plin.
1211 2538 1331 2601 17,125

263 2718 275 2765 1
294 2711 326 2767 R.
345 2712 382 2766 LI
410 2711 521 2766 Vitibus
550 2712 641 2766 sulcos
664 2714 939 2783 propagationesque
963 2711 1071 2781 APb‚‘
1087 2715 1146 2768 sine
1172 2713 1284 2768 rubrica
1307 2715 1331 2763 et

191 2801 254 2852 noni
269 2802 365 2871 eapitis
378 2801 482 2856 indicio
496 2818 512 2855 o
585 2818 795 2870 quoquouersus
815 2802 915 2869 VAof
924 2820 1010 2871 qu0q;
1030 2819 1155 2856 uersusc
1225 2808 1241 2854 2
1257 2800 1330 2869 olea]

183 2880 267 2943 Oleas
285 2891 367 2945 serito
386 2907 454 2946 corr.
475 2890 536 2944 olea
551 2892 577 2942 A
642 2896 657 2942 3
679 2889 824 2958 oleaginea
843 2891 917 2958 quod
936 2891 1076 2944 mensibus
1093 2889 1183 2942 PAR
1202 2888 1332 2956 oleagina

174 2979 255 3032 noc
278 2981 452 3036 mensibuso
524 2980 683 3033 tcaetenas
708 2977 734 3030 V

142 3118 148 3125 .
261 3076 280 3124 6
297 3069 329 3123 R.
348 3069 398 3123 LII
422 3068 492 3122 Olea
510 3083 563 3135 que
581 3068 707 3134 tempore
726 3067 839 3133 putetur
857 3064 884 3118 A
913 3064 982 3120 Olea
1001 3082 1055 3133 quo
1074 3068 1199 3134 tempore
1218 3065 1331 3133 putetur

152 3140 209 3198 Pb
277 3156 416 3211 Oliuetum
436 3173 489 3224 quo
508 3158 635 3224 tempore
654 3156 802 3223 puteturo
901 3153 1112 3222 equinnoeoium
1131 3156 1159 3207 A
1236 3152 1346 3207 'idias-
1415 3191 1418 3196 -

143 3221 278 3314 XLV]
298 3245 356 3299 dies
375 3244 423 3298 XL
443 3246 546 3300 codices
566 3244 660 3298 Plinii
675 3248 722 3310 17,
741 3247 797 3298 127
883 3260 938 3312 qua
956 3239 1032 3297 loeus
1051 3249 1126 3298 reete
1146 3244 1235 3298 PAR
1253 3243 1331 3297 locus

136 3319 200 3379 ‘lui
238 3338 363 3390 recten
436 3339 528 3401 9qua
545 3333 622 3388 locus
641 3332 718 3387 ferax
742 3332 880 3387 Victorino
900 3338 924 3386 et
943 3333 1070 3401 Plinius,
1092 3333 1140 3402 qni
1158 3334 1235 3386 locus
1254 3330 1332 3386 ferax

140 3398 226 3465 VA
240 3420 285 3478 It
375 3429 408 3476 10
427 3423 572 3492 aratoque]
593 3422 742 3489 artntoque
769 3421 924 3475 Pontedera
940 3439 968 3490 p.
988 3427 1024 3476 56
1115 3422 1247 3492 enodato]
1267 3437 1331 3474 eno-

129 3485 310 3581 datoque
330 3512 444 3566 Pacatus

254 3605 293 3656 11
318 3601 349 3658 R.
373 3601 436 3655 LlIl
460 3599 502 3654 De
525 3598 602 3654 taliis
625 3598 778 3667 oleagineis
797 3598 859 3651 ΑΡ
891 3599 932 3653 De
955 3600 1036 3655 taleis
1060 3599 1212 3671 oleagineis
1227 3599 1332 3662 bVict.,

132 3661 329 3745 Quantam
348 3692 454 3745 taleam
474 3688 632 3757 oleaginam
652 3688 764 3742 decidas
782 3705 798 3742 o
884 3688 985 3743 'Paleas
1004 3690 1165 3760 oleagineos
1182 3689 1243 3743 AR
1253 3688 1332 3753 Vici,

135 3749 292 3835 Taleae
309 3781 453 3850 oleaginea
478 3778 504 3831 V
559 3784 591 3832 12
611 3778 796 3847 alligantque
815 3776 842 3829 A
897 3782 930 3829 aa
949 3778 987 3831 aa
1006 3795 1056 3834 on.
1071 3781 1098 3833 A
1155 3779 1332 3846 maenaque

974 3878 989 3906 U

146 3893 260 3993 ὶῗηὸι
284 3925 380 3980 tenera
400 3899 795 3987 sietonl·Plinin817,125
884 3879 1047 3975 beneqtdrra
1066 3922 1093 3974 A
1181 3926 1213 3973 15
1231 3921 1332 3990 glittus

154 3995 228 4054 nel·
256 4008 339 4067 PAc
358 4011 464 4081 glutias
483 4011 536 4064 siet
554 4011 569 4063 b
588 4009 731 4079 glitussiet
748 4007 966 4077 fglutusoieto
1059 4014 1090 4060 16
1110 4009 1229 4062 maleolo
1250 4010 1332 4077 (mal-

161 4068 259 4146 120ὶο
284 4103 311 4171 o)
330 4104 380 4155 aue
398 4101 519 4156 mateola
535 4099 624 4153 Van
642 4098 744 4153 marso
763 4098 813 4151 aut
830 4097 952 4152 mateola
972 4097 1085 4150 areatas
1150 4102 1181 4149 1a
1201 4097 1331 4149 sinuata

236 4185 281 4242 18
299 4190 431 4244 demittas
451 4189 494 4243 Vc
512 4188 698 4243 dimittasAb
718 4187 868 4254 demitasf
917 4185 969 4256 ita]
984 4185 1008 4240 it
1022 4184 1049 4238 A
1105 4184 1165 4240 ‘Vli
1179 4187 1234 4239 stet
1247 4184 1331 4252 talea,
1426 4243 1429 4249 ,

185 4262 292 4333 Inelius
310 4280 394 4335 uiuet.
442 4279 492 4333 rra
510 4277 660 4346 casertan,
685 4293 745 4330 aaa
767 4278 799 4330 a
821 4275 956 4330 neret-nas
979 4274 1070 4340 zoora,
1094 4274 1332 4342 versentano,

199 4355 325 4427 inimum
343 4369 417 4423 easet’
436 4368 573 4422 Victorino
650 4365 692 4418 uti
711 4368 766 4419 stet
785 4381 798 4419 o
817 4371 848 4419 nt
866 4365 981 4430 videtne,
1000 4361 1056 4416 ulis
1076 4364 1132 4416 stet
1144 4361 1193 4417 Ab
1213 4365 1334 4417 utusstet

212 4434 296 4511 PUtis
313 4460 362 4513 fiet
378 4460 396 4525 f
410 4458 486 4512 utilis
504 4458 554 4511 fiet
571 4473 587 4510 o
607 4455 649 4510 uti
667 4457 787 4510 steterat
804 4454 983 4510 Schneiderns

251 4547 313 4595 Cano
327 4567 358 4595 on
372 4566 431 4597 noar
445 4565 464 4596 c.
1104 4547 1120 4594 4

94 4614 144 4977 1
