3000 5026
237 341 302 409 278
728 340 915 397 vasconis

211 507 371 573 5tahulata
393 506 520 568 habeant
541 507 660 588 aliquod
683 509 820 589 adportat
842 509 1091 588 subplementum.
1126 516 1232 570 contra
1254 509 1305 568 hic
1328 509 1388 568 avi-

238 619 358 678 arium*
382 633 457 694 quae
481 623 614 676 mortuae
638 616 681 677 ibi
702 626 775 678 snut
796 636 878 697 aves,
902 626 935 678 ut
952 616 1073 677 domino
1091 635 1253 678 numerum
1271 615 1389 696 reddat,

238 723 315 785 solet
336 721 446 784 ibidem
469 725 591 804 servari,
613 742 680 784 cum
705 742 781 802 opus
804 733 883 804 sunt,
908 742 944 784 ex
967 724 1024 784 hoc
1045 726 1155 785 aviario
1175 733 1209 785 ut
1228 731 1389 785 sumantur

238 831 370 909 idoneae,
389 829 583 893 excludantur
602 833 634 891 in
651 832 852 893 minusculum
866 834 1017 910 aviarium,
1036 831 1115 912 quod
1130 840 1177 892 est
1191 833 1389 892 coniunctum

238 955 306 999 curn
332 939 440 999 maiore
464 940 549 1018 ostio,
572 938 684 999 lumine
707 939 889 1021 inlustriore,
913 940 990 1019 qnod
1010 939 1208 1000 seclusorium
1227 937 1390 1019 appellant.
1416 968 1429 1007 5

239 1045 368 1105 ibicum
387 1064 454 1105 eum
474 1063 631 1106 numerum
650 1046 739 1107 habet
758 1047 921 1127 exclusum,
943 1065 1031 1126 quem
1051 1064 1170 1108 sumere
1185 1045 1264 1133 pult,
1282 1063 1390 1108 omnes

213 1152 360 1212 doccidit.
393 1151 449 1212 hoc
472 1152 539 1214 ideo
562 1154 592 1214 in
616 1153 733 1214 secluso
756 1154 840 1236 clam,
862 1173 900 1214 ne
924 1153 1090 1235 reliqui„si
1110 1153 1237 1230 videant,
1261 1154 1391 1232 despon-

238 1257 327 1318 deant
354 1261 484 1321 animum
514 1271 602 1340 atque
630 1261 725 1323 alieno
756 1272 889 1340 tempore
918 1261 1081 1322 venditoris
1104 1262 1281 1322 moriantur.
1328 1279 1391 1320 non

240 1377 273 1425 ot
305 1364 433 1427 advenae
466 1368 601 1429 volucres
629 1367 725 1446 pullos
753 1368 879 1448 iaciunt,
911 1370 942 1427 in
969 1385 1040 1445 agro
1068 1368 1216 1448 ciconiae,
1247 1368 1280 1427 in
1308 1376 1390 1428 tecto

239 1472 424 1556 hirundineo,
447 1477 489 1536 sic
508 1483 560 1536 aut
577 1476 627 1536 hic
645 1483 697 1536 aut
715 1474 775 1536 illic
794 1474 884 1556 turdi,
903 1476 954 1554 qui
973 1492 1040 1535 cum
1060 1475 1121 1534 sint
1138 1475 1261 1534 nomine
1279 1492 1431 1555 mares,1o

240 1597 273 1640 re
302 1599 370 1641 vera
398 1581 523 1644 feminae
552 1602 670 1662 quoquc
699 1591 777 1644 sum.
823 1600 920 1661 neque
947 1581 978 1642 id
1005 1600 1064 1642 non
1088 1589 1226 1641 secutum
1250 1589 1286 1643 ut
1307 1589 1393 1642 esset

218 1688 273 1746 lin
296 1687 428 1769 meruliS,
452 1708 527 1768 quae
551 1692 670 1751 nomine
693 1689 834 1750 feminino
859 1707 955 1749 rnares
978 1706 1098 1768 quoque
1121 1689 1189 1748 sint
1232 1697 1392 1767 practerea

246 1794 382 1855 volucres
405 1814 472 1856 cum
497 1799 604 1875 partim
623 1797 752 1857 advenae
771 1798 839 1869 sint,
863 1804 896 1856 ut
914 1795 1089 1855 hirundines
1108 1803 1138 1856 ct
1156 1813 1257 1877 grues,
1280 1799 1393 1876 partim

242 1902 430 1983 vernaculae,
459 1912 492 1964 ut
519 1904 643 1983 gallinae
671 1922 704 1963 ac
733 1901 900 1983 columbae,
927 1901 963 1961 de
990 1900 1041 1961 illo
1069 1919 1178 1980 genere
1206 1911 1279 1962 sunt
1307 1903 1394 1964 turdi

239 2009 424 2090 adventicio,
451 2029 485 2071 ac
514 2012 672 2090 quotannis
700 2012 731 2070 in
754 2009 868 2070 ltaliam
895 2017 977 2068 trans
1001 2026 1081 2068 mare
1104 2007 1242 2069 advolant
1267 2011 1394 2070 circitor
1407 2031 1434 2072 15

243 2118 464 2197 aequinoctium
479 2116 648 2179 autumnale
663 2125 693 2178 et
707 2117 811 2177 eodem
826 2115 959 2176 revolant
972 2115 1008 2176 ad
1022 2117 1243 2195 aequinoctium
1255 2134 1394 2198 vernum,

241 2231 270 2283 ct
298 2223 354 2284 alio
383 2234 516 2304 tempore
540 2233 674 2286 turtures
697 2243 731 2284 ac
755 2225 925 2284 coturnices
948 2224 1059 2283 inmani
1081 2240 1217 2283 numero.
1266 2222 1327 2284 hoc
1351 2227 1395 2286 ita

241 2332 306 2391 lieri
329 2341 452 2410 apparet
475 2333 505 2391 in
524 2331 630 2392 insulis
648 2333 825 2410 propinquis
844 2330 967 2409 Pontiis,
991 2328 1162 2410 Palmariae,
1184 2329 1395 2393 Pandateriac.

241 2436 284 2496 ibi
311 2441 390 2498 enim
414 2441 444 2498 in
468 2440 563 2517 prima
587 2436 732 2516 volatura,
760 2454 829 2497 cum
854 2439 989 2517 veniunt,
1012 2444 1166 2499 morantur
1189 2437 1254 2498 dics
1277 2455 1395 2518 pancos

241 2543 450 2622 requiescendi
477 2560 579 2623 cansa,
611 2543 742 2621 itemque
771 2542 896 2623 iaciunt,
924 2562 991 2604 cum
1020 2561 1056 2604 ax
1084 2543 1166 2604 ltalia
1194 2553 1278 2606 trans
1305 2565 1394 2609 mare
1408 2574 1438 2614 aa

242 2660 384 2711 remeant.

216 2756 235 2814 8
335 2758 447 2837 Appius
470 2758 553 2838 Axio,
579 2756 611 2817 Si
635 2759 765 2837 quinque
789 2758 868 2818 milia
892 2758 948 2819 hoc
972 2759 1124 2840 coieceris,
1147 2760 1255 2841 inquit,
1278 2768 1309 2821 et
1334 2765 1396 2823 erit

241 2881 453 2892 ——-—

248 2967 251 2972 ’
314 2954 346 3003 16
366 2947 575 3017 aequinoctium
594 2948 757 3004 autumnale
778 2947 884 3004 Olearia.
900 2965 930 3017 p.
951 2952 1013 3017 118,
1031 2952 1068 3004 25

243 3061 429 3071 ῥοῇ-

242 3129 351 3197 aliquot
368 3128 405 3182 ad
423 3126 592 3198 perticarum
607 3126 833 3196 supplementum
906 3125 994 3183 cauiis
1008 3142 1079 3196 qnae
1092 3128 1156 3197 (que
1170 3125 1209 3196 A)
1224 3125 1314 3185 oauiis
1328 3129 1396 3185 AB

243 3234 327 3273 cauus
346 3234 417 3286 quae
436 3234 520 3273 cauus
535 3215 565 3270 P
580 3232 665 3271 cauus
685 3231 756 3284 quae
779 3232 795 3269 v
869 3222 883 3269 1
908 3215 1041 3286 adportat
1065 3215 1122 3268 PA
1147 3216 1280 3284 apportat
1300 3216 1332 3270 B
1356 3216 1395 3273 ad

241 3305 402 3379 porticaeo
475 3305 700 3375 subplementum
714 3303 742 3359 A
761 3305 988 3375 supplementum
1009 3305 1065 3358 VB
1136 3304 1183 3360 hic
1196 3303 1293 3363 PAR
1306 3305 1365 3361 hoo
1377 3323 1396 3361 v

297 3401 313 3449 2
329 3394 441 3449 domino
455 3395 483 3448 ib
498 3410 653 3462 nnmerum,
666 3396 713 3449 aed
725 3393 755 3448 ib
769 3394 884 3449 deletion
893 3393 920 3447 A
974 3401 991 3447 3
1006 3393 1079 3448 solet
1091 3391 1132 3448 ibi
1148 3394 1153 3462 Ι
1169 3393 1357 3451 deraseruari
1366 3393 1395 3450 A

314 3483 367 3538 hoc
385 3483 475 3538 uiario
494 3482 522 3537 A
539 3498 608 3538 corr.
627 3484 680 3538 hoc
699 3482 806 3539 aniario
825 3482 866 3537 A’
937 3482 1066 3538 5hostio
1084 3483 1112 3536 B
1181 3482 1347 3540 inlustriore
1365 3485 1396 3541 A

242 3571 461 3629 illustrioreVB
506 3571 703 3640 tsummcreB
748 3570 901 3644 tintecto]
912 3572 940 3626 in
950 3572 1089 3629 tectaAm
1136 3572 1396 3631 10hirrnndinesA

314 3662 354 3716 sic
374 3664 423 3716 aut
440 3660 486 3715 hic
506 3660 556 3713 aut
573 3659 634 3714 illic
656 3661 685 3716 B
703 3661 743 3715 sic
762 3664 812 3717 ant
830 3661 859 3714 et
877 3661 924 3716 hic
942 3663 992 3715 aut
1010 3661 1069 3716 illic
1089 3661 1115 3715 V
1132 3661 1171 3716 sio
1189 3664 1240 3717 aot
1257 3659 1319 3719 illic
1334 3664 1395 3720 Ant

293 3768 356 3804 oum
375 3749 471 3802 sintm
486 3750 627 3803 cumsnnt
646 3748 736 3804 VAB
780 3756 813 3805 11
832 3750 971 3806 foeminae
991 3751 1018 3805 V
1061 3755 1094 3804 12
1112 3748 1267 3807 foeminino
1285 3751 1315 3806 V
1360 3759 1395 3810 ts

243 3842 275 3894 ut
292 3837 455 3892 inrundines
470 3839 498 3893 A
554 3842 586 3893 15
605 3838 763 3894 aduentioio
779 3839 835 3894 PB
854 3839 1017 3895 aduentatio
1032 3855 1101 3896 corr.
1116 3870 1150 3882 -
1163 3838 1229 3895 titio
1244 3842 1272 3895 A
1286 3841 1394 3898 aduen-

242 3928 306 3983 titio
320 3944 337 3983 o
391 3927 540 3996 quotannis
555 3928 603 3983 Bo
619 3927 774 3997 quodannis
790 3929 849 3983 PA
905 3934 938 3984 1o
952 3929 1115 3985 autumnale
1127 3930 1186 3985 PA
1198 3932 1357 3988 antunnale
1366 3933 1394 3989 Β

243 4017 446 4073 anotunnaleo
507 4015 606 4071 eodem
624 4017 751 4087 tompore
769 4018 907 4086 recolant,
925 4020 972 4074 aed
989 4021 1116 4087 tompore
1134 4020 1249 4074 deletum
1267 4020 1298 4075 B
1324 4082 1326 4089 s
1361 4026 1392 4077 u

242 4105 348 4161 inmani
367 4105 395 4160 A
412 4104 530 4162 immani
553 4106 610 4160 VB
682 4110 715 4159 18
734 4104 843 4161 Pontiis
867 4106 1005 4160 Victorius
1023 4106 1117 4175 pontis
1134 4106 1223 4161 PAB
1240 4109 1391 4178 pontiaco

312 4195 477 4265 pandateric
495 4197 523 4249 A
540 4193 724 4263 pandateriae
740 4194 769 4249 B
786 4195 989 4263 pandatheriaa
1007 4196 1033 4251 V
1102 4201 1136 4250 20
1155 4194 1282 4265 itemque
1300 4198 1389 4257 PAB

243 4284 408 4352 idemqneo
816 4327 822 4344 .

314 4377 348 4426 22
373 4373 427 4426 hoc
446 4371 538 4427 PAB
561 4373 643 4428 hico
716 4373 847 4429 coiecoris
866 4373 926 4428 AB
950 4374 1101 4430 conieceris
1124 4374 1151 4430 V
1219 4368 1318 4447 inquit
1340 4379 1398 4437 VB

243 4458 342 4530 inquid
359 4460 388 4516 A
