3000 5026
193 319 256 381 130
681 316 868 372 VARRONIS

138 487 178 543 23
191 483 260 561 alia]
280 484 405 566 metalla,
427 502 501 564 quae
521 485 584 543 sine
604 483 694 543 dubio
713 486 743 544 in
764 484 861 563 aliquo
881 502 951 563 agro
976 479 1073 544 hunt?
1114 482 1165 543 sed
1185 491 1220 543 ut
1238 501 1336 562 neque

191 591 364 670 lapidicinae
380 609 477 669 neque
491 590 662 651 harenariae
677 591 712 650 ad
728 593 792 669 agri
805 591 952 651 culturam
966 592 1125 671 pertinent,
1140 592 1184 651 sic
1199 589 1336 669 iigilinae.

191 717 288 777 neque
320 699 387 758 ideo
420 717 478 759 non
507 701 538 759 in
567 717 625 777 quo
652 717 722 776 agro
745 698 868 758 idoneae
892 706 1018 777 possunt
1041 716 1106 758 esse
1136 694 1224 774 [nou]
1253 705 1337 756 eaer-

191 804 310 886 cendae,
334 815 421 884 atque
447 825 483 866 ex
505 808 532 865 is
556 805 691 884 capiendi
711 806 840 866 fructus:
864 813 897 864 ut
916 807 1014 884 etiam,
1038 807 1064 864 si
1082 821 1152 881 ager
1171 802 1338 864 secundum

191 913 264 970 viam
289 919 319 970 et
341 922 528 990 opportunus
552 913 713 973 viatoribus
737 912 829 993 loona,
853 911 1050 972 aedificandae
1073 910 1214 971 tabernae
1234 911 1338 970 deror·
1366 923 1380 963 5

191 1020 300 1098 seriae,
329 1038 403 1097 qnae
432 1028 544 1102 mmen,
574 1023 706 1100 quamvis
735 1023 795 1080 sint
823 1021 1005 1099 fructuosae,
1035 1017 1126 1078 nihilo
1150 1019 1245 1095 magis
1269 1026 1341 1077 sunt

190 1127 252 1203 agri
277 1125 411 1187 culturae
435 1135 543 1207 partes.
589 1147 648 1188 non
673 1129 760 1208 enim,
784 1127 882 1206 siquid
906 1133 1029 1205 propter
1052 1143 1156 1202 agrum
1180 1126 1340 1185 autetiam

189 1234 219 1291 in
249 1251 319 1311 agro
343 1235 494 1313 proiectus
518 1236 651 1317 domino,
680 1237 742 1312 agri
766 1234 899 1295 culturae
924 1241 1079 1311 acceptum
1103 1233 1217 1292 referre
1241 1230 1341 1311 dehet,

191 1340 243 1399 sed
272 1340 301 1399 id
329 1341 416 1402 modo
445 1343 524 1421 quod
554 1341 637 1419 [neo]
668 1344 781 1402 satione
810 1349 888 1401 terra
917 1343 956 1401 sit
984 1348 1084 1401 natum
1109 1338 1342 1399 adfruendum.

142 1450 183 1506 24
196 1445 328 1525 Suscipit
347 1447 438 1531 Stolo,
461 1448 515 1530 Tu,
539 1451 644 1531 inquit,
668 1449 780 1509 invides
805 1456 886 1509 tanto
898 1449 1050 1526 ,scriptori
1068 1454 1099 1507 et
1121 1444 1342 1524 obstrig'rllandi
1358 1456 1383 1496 1⁰

191 1573 278 1614 causa
311 1554 425 1634 figlinas
454 1555 662 1637 reprehendis,
696 1576 763 1617 eum
791 1552 943 1634 praeclara
971 1554 1127 1636 quaedam,
1160 1572 1198 1613 ne
1225 1552 1342 1634 laudes,

143 1665 183 1722 25
195 1664 423 1742 praetermittas,
443 1682 518 1741 quae
537 1663 572 1723 ad
592 1667 654 1742 agri
673 1664 820 1725 culturam
840 1663 1030 1723 vehementer
1048 1662 1224 1741 pertineant.
1265 1659 1343 1720 Cum

191 1767 364 1828 subrisisset
389 1769 504 1850 Scrofa,
533 1771 612 1849 quod
641 1790 700 1831 non
728 1769 882 1849 ignorabat
910 1769 1002 1829 libros
1031 1777 1061 1829 et
1084 1767 1282 1849 despiciebat,
1310 1776 1343 1827 et

191 1875 330 1952 Agrasius
358 1894 390 1936 se
415 1879 492 1937 scire
517 1878 602 1938 modo
626 1886 745 1958 putaret
768 1897 801 1939 ac
826 1876 976 1937 Stolonem
1001 1883 1135 1954 rogasset
1158 1884 1192 1936 ut
1215 1875 1343 1950 diceret,

191 1984 301 2061 eoepit:
334 1983 444 2044 Scribit
476 1987 596 2046 cimices
629 2005 717 2065 quem
749 1986 785 2046 ad
817 1985 938 2045 modum
969 1983 1096 2044 interfici
1129 1989 1266 2060 oporteat
1293 1982 1383 2042 his1⁶

192 2091 297 2172 verbis,
323 2086 522 2153 ‘cucumerem
547 2095 708 2170 anguinum
733 2092 852 2153 condito
871 2094 902 2151 in
921 2110 1027 2170 aquam
1047 2089 1342 2176 actuqueirrluudito

191 2216 250 2284 quo
279 2197 372 2293 voles,
402 2199 475 2259 nulli
503 2199 657 2280 accedent,
685 2198 731 2259 vel
759 2198 798 2258 sel
825 2198 969 2260 bubulum
998 2217 1065 2258 cum
1096 2207 1179 2258 aceto
1203 2199 1344 2278 mixtum,

143 2307 320 2383 26unguito
343 2301 474 2365 lectum'.
519 2306 691 2366 Fundanius
715 2307 820 2383 aspicit
839 2305 873 2366 ad
895 2305 1036 2386 Scrofam,
1061 2304 1099 2365 Et
1117 2312 1215 2365 tamen
1236 2322 1344 2365 verum

192 2410 277 2493 dicit,
304 2413 415 2491 inquit,
443 2411 505 2491 hic,
535 2420 567 2472 ut
594 2412 650 2473 hoo
679 2414 834 2491 scripserit
858 2414 888 2472 in
914 2415 975 2491 agri
1000 2411 1124 2472 cultura.
1170 2409 1238 2491 llle,
1267 2409 1343 2470 'l'am

191 2516 291 2577 hercle
316 2536 403 2597 quam
426 2517 491 2599 hoo,
516 2518 789 2602 siquemglmnrm
814 2520 911 2594 sapere
930 2519 1011 2613 velis,
1036 2518 1114 2598 quod
1133 2517 1216 2578 iubet
1236 2536 1343 2578 ranam
1358 2525 1383 2564 2⁰

192 2623 318 2683 luridam
347 2626 463 2685 coicere
491 2627 522 2684 in
551 2645 716 2707 aquam,u
971 2628 1088 2687 tertiam
1133 2643 1148 2685 a
1292 2644 1342 2686 co-

191 2733 280 2812 xeris,
303 2750 398 2810 eoque
418 2750 550 2810 unguere
569 2752 686 2812 corpus.
728 2733 799 2815 Ego,
818 2733 903 2804 Quod
922 2736 1023 2812 magis,
1042 2735 1172 2814 inquam,
1190 2734 1344 2810 pertineat

192 2838 228 2898 ad
251 2838 386 2899 Fundani
415 2839 611 2900 valetudinem
643 2837 699 2920 [et]
729 2842 760 2901 in
784 2860 818 2902 eo
842 2841 932 2922 libro,
961 2849 1006 2901 est
1030 2841 1122 2901 satius
1146 2839 1242 2902 dicas:
1271 2857 1343 2900 nam

264 3017 297 3065 10
316 3012 359 3065 Tu
377 3011 470 3081 inquit
487 3012 595 3068 invides
614 3013 688 3069 Non.
703 3029 735 3082 p.
754 3017 872 3081 147,.10

264 3178 278 3225 1
297 3173 369 3226 finnt
388 3172 440 3225 VB
454 3172 524 3227 fiant
537 3175 596 3228 Am
657 3179 673 3226 2
692 3172 855 3226 harenariae
869 3173 897 3226 B
911 3172 1054 3226 arenariae
1074 3172 1130 3226 VA
1184 3179 1200 3227 3
1219 3173 1345 3242 possunt

191 3262 219 3315 B
246 3261 383 3315 Victorius
405 3279 456 3330 pos
472 3263 477 3330 Ι
493 3263 612 3331 possunt
629 3262 656 3315 A
679 3259 790 3330 possint
813 3261 841 3314 V
886 3279 964 3316 non
984 3263 1132 3330 posteriore
1150 3263 1207 3317 loco
1225 3264 1345 3319 inclusit

192 3349 327 3404 Gesneros
399 3351 531 3405 exercede
550 3351 578 3404 A
649 3348 747 3404 texis
766 3347 826 3404 AB
845 3365 878 3403 ex
898 3349 933 3404 iis
955 3349 982 3403 V
1050 3350 1184 3420 capienda
1208 3369 1280 3408 corr.
1307 3385 1343 3394 -

193 3437 221 3491 di
235 3438 263 3491 A
327 3443 343 3493 5
359 3441 531 3508 opportunus
551 3438 740 3512 Voportunus
755 3440 815 3493 AB
875 3439 1033 3494 deuorsorie
1047 3438 1075 3492 A
1091 3437 1262 3496 diuersoriae
1285 3442 1343 3497 VB
1360 3506 1363 3512 ι

263 3534 279 3582 6
298 3528 404 3582 nichilo
418 3528 478 3580 AB
500 3528 505 3535 “
551 3533 566 3579 t
587 3525 610 3580 si
625 3528 686 3595 quis
700 3528 846 3583 Iucundos
918 3533 942 3581 9.
963 3527 1038 3595 quod
1053 3544 1086 3583 ex
1101 3528 1210 3584 satione
1225 3532 1344 3586 condect

195 3617 332 3672 Victoriae
411 3621 444 3668 10
467 3613 559 3683 inquit
585 3615 641 3670 VB
664 3616 762 3686 inquid
781 3617 808 3670 A
885 3614 1093 3686 obstrigillandi
1112 3618 1171 3672 Bm
1198 3617 1343 3675 Victoriae

192 3704 408 3774 obstrigillando
431 3704 459 3756 A
487 3719 555 3759 corr.
584 3736 618 3745 —
647 3706 676 3760 di
699 3705 739 3761 A'
763 3703 962 3773 obstrigilandi
986 3705 1012 3759 V
1092 3712 1124 3760 11
1148 3706 1262 3776 figlinas
1283 3709 1342 3764 ΡΑ

192 3795 302 3897 figlinas
317 3830 345 3883 B
359 3827 510 3898 figilinaso
577 3846 612 3884 ne
626 3830 723 3885 laudes
740 3829 829 3883 VAB
841 3829 944 3883 nedum
958 3831 1055 3885 laudes
1069 3830 1141 3886 A'm
1211 3839 1244 3887 13
1259 3833 1341 3904 igno·

190 3919 288 3973 rabam
311 3920 339 3973 A
371 3935 439 3975 corr.
473 3948 506 3957 -
540 3920 571 3974 at
593 3919 634 3973 Al
708 3924 741 3971 14
772 3919 899 3988 putarem
922 3919 951 3973 A
977 3936 1044 3974 corr.
1074 3951 1107 3958 -
1137 3921 1166 3974 ot
1188 3920 1231 3974 A²
1309 3930 1340 3978 15

192 4027 268 4096 cepit
281 4027 308 4080 A
383 4033 414 4082 17
434 3992 570 4085 feiliulum
584 4028 612 4080 B
685 4026 781 4079 acceto
795 4025 823 4079 A
896 4030 928 4079 19
948 4024 1040 4094 inquit
1056 4026 1112 4080 VB
1126 4014 1267 4095 inquid'A

191 4140 226 4187 20
253 4133 347 4189 hercle
366 4136 415 4189 Bo
438 4134 512 4189 ercle
531 4135 589 4188 ΡΑ
661 4137 695 4185 21
720 4131 825 4186 coicere
849 4131 879 4185 in
901 4148 1003 4201 aquam
1022 4134 1050 4186 B
1074 4133 1180 4188 coicere
1203 4112 1295 4203 intua
1314 4135 1340 4192 A

191 4225 220 4264 al.
234 4236 330 4272 coquere
344 4225 374 4264 al.
388 4235 471 4272 aquam

209 4275 316 4329 coicere
339 4277 453 4343 inquam
477 4278 506 4331 B
530 4275 666 4331 coniicere
680 4290 681 4293 ’
694 4273 723 4327 in
752 4291 853 4343 aquam
876 4291 892 4328 n
968 4276 1086 4330 terciam
1109 4277 1136 4329 A
1214 4283 1247 4332 23
1277 4278 1336 4333 fun-

192 4362 268 4415 danii
289 4363 377 4417 VAB
431 4365 620 4420 ualetudinem
635 4365 693 4419 PA
707 4362 890 4417 ualitudinem
907 4365 955 4418 Bo
1010 4364 1158 4419 dicasAB
1173 4365 1266 4420 dicam
1284 4367 1334 4422 Vm

262 4468 327 4504 nam
346 4451 460 4507 huiusce
480 4455 540 4508 AB
568 4456 702 4520 Victorius
720 4469 785 4507 nam
805 4455 834 4507 et
851 4453 967 4507 huiusce
992 4452 1018 4509 V
