3000 5026
511 137 559 192 nn
578 138 666 194 scm
686 139 854 194 sacrvm
874 138 903 194 c,
925 140 1050 198 14-17
1092 180 1104 197 .
1306 137 1349 201 29
1387 118 1392 141 ¹

216 322 274 384 gam
288 319 318 365 Ρ.
333 319 407 385 xlv,
431 314 461 366 et
484 308 530 366 uti
553 306 682 368 sublinat
701 307 792 368 locari
815 314 940 385 oportet.
978 307 1107 384 parietes
1126 303 1209 364 villae
1229 305 1255 363 si
1273 302 1351 363 locet

215 413 287 473 lnP.
307 426 341 491 c,
364 412 393 471 id
414 420 460 473 est
473 429 501 473 P.
516 428 539 474 x
558 432 677 494 quoquo
701 433 829 495 versum,
853 413 960 474 libellis
983 415 1014 472 in
1037 412 1103 490 ped.
1118 426 1141 472 v
1159 422 1189 471 et
1206 413 1351 489 perticam

216 532 269 579 11³.
288 531 356 579 vlo.
374 533 407 579 Ν.
427 534 457 579 x.
500 521 736 600 sesquipedalem
763 523 907 600 parietem
933 521 1070 580 dominus
1095 519 1284 579 fundamenta
1311 519 1350 577 l-

218 626 268 685 ciat
289 632 320 685 et
343 624 379 685 ad
399 644 475 703 opus
498 627 640 704 praebeat
668 627 757 688 calcis
781 630 812 688 in
827 644 855 688 P.
875 627 1008 702 singulos
1027 627 1242 706 longitudinem
1262 624 1350 703 [opus

150 752 185 797 ⁶
220 730 269 810 est]
292 732 425 795 modium
448 751 555 812 unum,
578 733 706 795 harenae
729 736 843 795 modios
867 736 951 795 duos.

297 839 415 901 Calcem
438 843 579 919 partiario
603 843 786 921 coquendam
811 844 862 920 qui
881 842 964 920 dant,
988 843 1028 900 ita
1052 842 1147 901 datur.
1183 840 1301 918 perlicit
1322 846 1352 899 et
1370 843 1430 901 XVI

215 946 311 1026 coquit
333 955 365 1007 et
387 965 424 1006 ex
447 948 566 1008 fornace
590 949 700 1009 calcem
724 952 826 1009 eximit
849 949 992 1008 calcarius
1016 955 1046 1008 et
1069 947 1146 1026 ligna
1170 947 1290 1006 conficti
1315 945 1351 1005 ad

216 1051 368 1114 lomacem.
410 1053 547 1115 domiuus
571 1053 710 1133 lapidem,
734 1053 811 1132 ligna
835 1054 871 1114 ad
895 1055 1057 1134 fornacem,
1081 1054 1159 1132 quod
1189 1071 1263 1132 opus
1287 1054 1352 1132 siet,

206 1159 341 1237 praebet.
983 1148 986 1155 ’

138 1281 171 1319 1⁰
297 1266 401 1327 liebus
424 1269 571 1348 materies,
594 1270 664 1329 itam
689 1270 790 1350 ridica,
814 1270 866 1329 ubi
881 1269 1040 1329 solstitium
1057 1268 1147 1328 luerit
1161 1268 1197 1327 ad
1216 1268 1351 1327 brumam
1369 1271 1442 1328 xvir

196 1374 327 1454 semper
350 1377 524 1452 tempestiva
555 1383 609 1435 est.
646 1384 743 1436 cetera
768 1379 906 1437 materies
931 1396 1006 1455 quae
1030 1394 1131 1436 semen
1154 1375 1256 1456 habet,
1285 1393 1352 1436 cum

197 1497 314 1542 semen
343 1489 494 1542 maturum
516 1482 618 1562 babet,
643 1491 705 1543 tum
721 1487 894 1562 tempestiva
909 1491 962 1544 est.
1000 1502 1075 1563 quae
1094 1485 1232 1543 materies
1252 1501 1352 1542 seman

183 1587 382 1668 nonhabet,
401 1607 469 1649 cum
483 1588 624 1670 glubebit,
644 1599 706 1650 tum
726 1593 899 1669 tempestiva
915 1599 968 1651 cst.
1006 1609 1039 1650 ea
1055 1609 1129 1669 quae
1145 1608 1245 1649 semen
1260 1590 1353 1649 vlride

178 1700 224 1752 et
259 1703 413 1756 maturum
437 1696 526 1757 habet
553 1691 598 1779 (id
622 1715 723 1757 samen
747 1698 783 1757 de
807 1716 962 1779 cupresso,
991 1698 1027 1757 de
1051 1698 1122 1775 pino
1145 1697 1262 1775 quidvis
1285 1698 1354 1755 anni

128 1801 155 1840 ¹⁵
177 1796 312 1877 legere
334 1797 446 1884 possis)
466 1805 538 1863 item
557 1804 674 1882 quidvis
688 1805 756 1863 anni
771 1812 886 1864 matura
905 1812 951 1864 est
974 1812 1004 1863 et
1027 1805 1208 1880 tempestiva.
1245 1802 1354 1861 ibidem
1375 1813 1393 1868 2

170 1917 285 1969 sunt
305 1927 398 1969 nuces
422 1908 527 1990 bimae,
551 1911 619 1970 inde
642 1928 744 1970 semen
767 1911 893 1990 excidet,
917 1918 947 1969 et
965 1909 1127 1989 anniculae,
1150 1927 1201 1968 eac
1221 1908 1273 1968 ubi
1296 1910 1354 1986 pri·

166 2027 295 2074 mum
316 2017 464 2094 incipirrnt
482 2015 629 2097 biascere,
653 2025 716 2077 turn
735 2016 791 2095 legi
813 2024 944 2096 oportet:
967 2035 1021 2095 per
1045 2017 1202 2076 sementim
1225 2016 1355 2093 primum

289 2213 318 2259 11
337 2206 432 2260 cetera
449 2206 580 2260 materies
598 2222 620 2261 c.
639 2211 673 2260 31

160 2389 203 2440 P·
239 2379 288 2434 V
309 2399 432 2437 crassam
457 2399 485 2450 p.
509 2382 522 2433 Ι
552 2400 572 2435 s.
596 2381 682 2450 longa
700 2401 728 2452 p.
745 2383 810 2436 XIV
830 2384 859 2436 P
875 2385 904 2436 et
922 2383 1051 2436 columen
1069 2400 1095 2450 p.
1115 2381 1127 2432 Ι
1147 2398 1268 2436 crassam
1286 2401 1313 2451 p.
1333 2380 1357 2435 is

163 2458 301 2539 longa
322 2491 349 2542 p.
363 2470 441 2526 XXV
465 2474 546 2540 (corr.
564 2470 640 2540 XIV)
660 2473 675 2525 b
700 2474 726 2525 et
746 2471 873 2526 columen
896 2491 923 2541 p.
942 2473 1023 2526 unius
1042 2488 1163 2526 crassam
1185 2489 1212 2540 p.
1231 2471 1256 2526 is
1274 2472 1359 2539 longa

162 2563 205 2615 Ρ·
238 2555 325 2615 XIV
346 2577 362 2614 c
384 2562 414 2614 et
436 2559 547 2614 culmen
570 2560 642 2627 pede
664 2577 720 2614 uno
740 2577 862 2615 crassam
886 2561 999 2630 longam
1023 2560 1140 2630 pedibus
1165 2559 1358 2627 quindecima

165 2639 212 2691 eli
243 2648 391 2703 columen
409 2667 436 2718 p.
454 2649 467 2700 I
485 2664 622 2715 crassam,
641 2668 668 2717 p.
688 2649 720 2702 IS
738 2649 852 2717 longam
871 2667 898 2716 p.
919 2649 983 2702 XIV
1005 2649 1075 2703 Vict.

286 2736 432 2792 alibellns
450 2738 478 2791 A
568 2744 584 2790 3
607 2754 634 2805 p.
654 2736 706 2790 vic.
729 2755 755 2790 n.
775 2738 810 2790 X.
829 2739 876 2806 (nx
894 2738 921 2804 b)
941 2737 1162 2805 sesquipedalem
1183 2737 1230 2790 Pb
1258 2755 1285 2804 p.
1304 2737 1357 2791 uic.

168 2812 259 2874 nist.
292 2812 515 2895 suiquipedslem
528 2827 556 2880 A
570 2844 589 2894 p
604 2824 838 2894 sexquipedalem
851 2826 942 2893 spatio
957 2841 1114 2894 paucarum
1132 2826 1286 2878 liberorum
1296 2831 1359 2892 post

172 2913 201 2965 Ι)
228 2915 345 2969 relicto
364 2932 391 2982 c,
409 2914 495 2985 pedes
514 2918 626 2969 centum
644 2931 689 2968 me
708 2913 731 2967 si
750 2913 1007 2983 sesquipedalemv
1079 2913 1227 2982 patrietem
1246 2912 1273 2965 A

178 2989 201 3036 5
227 2993 371 3058 barense
390 3002 418 3056 R
436 3021 536 3060 arenae
560 3004 616 3057 VA

287 3097 305 3144 6
322 3090 354 3146 R.
373 3091 478 3145 XVIIII
502 3093 613 3147 Oolcem
636 3091 771 3161 partiario
797 3091 944 3161 (parciario
962 3092 1000 3162 A)
1019 3091 1167 3146 locandam
1186 3092 1263 3145 APb
1293 3090 1361 3145 Oolx

186 3177 261 3229 (1¹¹0
291 3182 409 3250 pactos>
490 3181 625 3250 pastiario
644 3182 839 3251 quoquendam
858 3182 885 3234 A
962 3182 1003 3236 ita
1021 3181 1103 3235 dator
1124 3181 1214 3234 PAR
1232 3181 1274 3235 icc
1292 3181 1361 3234 dant

191 3255 273 3314 ‘1²²²
355 3270 508 3338 'tquoquIt
526 3270 552 3322 A
627 3270 726 3340 lingna
739 3272 834 3338 priore
853 3271 909 3323 loco
928 3271 955 3323 A
1034 3270 1146 3325 conficit
1164 3268 1201 3323 ad
1219 3269 1360 3322 fornacem

200 3336 254 3399 Pe
279 3359 394 3412 mnata
411 3357 448 3412 aa
466 3358 606 3414 fornacem
625 3360 697 3413 sav

290 3452 324 3499 10
341 3449 373 3502 R.
392 3447 444 3499 XX
462 3445 595 3502 Materies
615 3448 682 3518 quid
701 3448 766 3502 anni
778 3447 949 3516 tempestiua
963 3449 1007 3502 est
1022 3449 1049 3501 A
1068 3448 1199 3503 Materies
1213 3447 1280 3516 quid
1295 3442 1361 3499 anni

208 3516 386 3599 lampecius
405 3535 443 3589 sit
463 3537 510 3590 Pb
535 3537 664 3591 Materies
682 3537 730 3604 qui
748 3539 875 3605 tempore
894 3534 959 3588 anni
976 3535 1147 3605 tempestiua
1165 3535 1203 3589 sit
1219 3551 1236 3588 a
1307 3534 1361 3587 sol-

215 3607 329 3677 ⁸li¹²ium
342 3627 391 3680 Ac
409 3625 564 3679 solsticium
581 3624 625 3679 Vb
700 3632 731 3679 11
748 3642 827 3693 seper
842 3625 868 3677 A
942 3630 974 3677 12
989 3640 1084 3680 semen
1097 3628 1236 3680 matarum
1250 3623 1363 3689 avia,

221 3707 314 3765 ”men
330 3717 502 3768 maturarum
522 3730 590 3769 corr.
610 3731 703 3769 semen
723 3715 878 3769 maturari
897 3716 1038 3768 maturum
1056 3731 1150 3768 semen
1175 3713 1201 3766 V
1278 3719 1310 3765 13
1329 3729 1363 3767 ea

224 3795 292 3848 (llas
307 3802 460 3870 Iucundos,
480 3820 513 3857 eo
527 3803 593 3872 quia
612 3803 700 3857 VAR
772 3810 806 3857 14
821 3820 981 3873 cupressos
1001 3803 1121 3871 cipresso
1138 3802 1216 3854 PAc
1234 3820 1362 3870 cypresse

227 3865 240 3917 b
311 3892 420 3958 quiduis
443 3892 510 3946 anni
528 3894 624 3962 palere
646 3895 703 3948 loco
721 3893 748 3946 R
774 3892 879 3961 quisuis
902 3891 968 3946 anni
993 3891 1061 3958 VA,
1085 3892 1133 3944 obi
1151 3884 1173 3948 ὅ.
1198 3890 1309 3957 quiduis
1331 3891 1363 3943 iss

207 3969 343 4039 Mos-92¹„
360 3981 509 4048 adscrspsit
528 3983 562 4050 P,
585 3981 697 4049 quiduis
721 3982 786 4035 anni
800 3983 950 4049 posteriorc
972 3981 1029 4034 loco
1050 3978 1129 4033 VAE
1220 3985 1252 4032 16
1270 3978 1362 4032 bimae

234 4042 377 4139 liettardus,
401 4069 484 4123 binae
504 4071 596 4124 PAR
619 4071 684 4124 hinc
708 4071 734 4124 V
821 4087 916 4125 semen
935 4074 994 4124 seffi
1017 4068 1126 4123 excidet
1143 4069 1171 4122 A
1263 4075 1294 4122 17
1313 4085 1364 4138 per

235 4147 368 4237 le{llerrtim
385 4159 508 4228 primum
526 4159 665 4229 incipiunt
683 4160 746 4213 AR
757 4161 841 4224 Vico„
864 4177 914 4228 per
932 4156 1079 4212 sementim
1097 4157 1235 4228 incipiunt
1255 4158 1283 4210 P
1302 4160 1363 4212 tam

240 4236 343 4301 limum
361 4267 411 4318 per
430 4266 523 4304 semen
543 4249 680 4316 incipiunt
698 4267 714 4301 o
