<?xml version="1.0" encoding="UTF-8"?>
<!DOCTYPE html PUBLIC "-//W3C//DTD XHTML 1.0 Transitional//EN"
    "http://www.w3.org/TR/xhtml1/DTD/xhtml1-transitional.dtd">
<html xmlns="http://www.w3.org/1999/xhtml" xml:lang="en" lang="en">
 <head>
  <title>
</title>
<meta http-equiv="Content-Type" content="text/html;charset=utf-8" />
  <meta name='ocr-system' content='tesseract 3.04.00' />
  <meta name='ocr-capabilities' content='ocr_page ocr_carea ocr_par ocr_line ocrx_word'/>
</head>
<body>
  <div class='ocr_page' id='page_1' title='image "./mporcicatonisde01keilgoog_0081.png"; bbox 0 0 3000 5026; ppageno 0'>
   <div class='ocr_carea' id='block_1_1' title="bbox 174 315 820 381">
    <p class='ocr_par' dir='ltr' id='par_1_1' title="bbox 174 315 820 381">
     <span class='ocr_line' id='line_1_1' title="bbox 174 315 820 381; baseline 0 -11"><span class='ocrx_word' id='word_1_1' title='bbox 174 320 216 381; x_wconf 83' lang='grc'><strong>56</strong></span> <span class='ocrx_word' id='word_1_2' title='bbox 665 315 820 371; x_wconf 82' lang='lat' dir='ltr'>CATONIS</span> 
     </span>
    </p>
   </div>
   <div class='ocr_carea' id='block_1_2' title="bbox 64 480 1366 2069">
    <p class='ocr_par' dir='ltr' id='par_1_2' title="bbox 64 480 1366 2069">
     <span class='ocr_line' id='line_1_2' title="bbox 97 480 1322 565; baseline 0.003 -24"><span class='ocrx_word' id='word_1_3' title='bbox 97 486 155 542; x_wconf 84' lang='lat' dir='ltr'><strong>LXI</strong></span> <span class='ocrx_word' id='word_1_4' title='bbox 264 486 341 556; x_wconf 83' lang='lat' dir='ltr'><strong>QuId</strong></span> <span class='ocrx_word' id='word_1_5' title='bbox 365 494 410 546; x_wconf 87' lang='lat' dir='ltr'><strong>est</strong></span> <span class='ocrx_word' id='word_1_6' title='bbox 433 504 538 565; x_wconf 86' lang='lat' dir='ltr'><strong>agrum</strong></span> <span class='ocrx_word' id='word_1_7' title='bbox 562 485 637 545; x_wconf 89' lang='lat' dir='ltr'><strong>heue</strong></span> <span class='ocrx_word' id='word_1_8' title='bbox 662 481 781 544; x_wconf 83' lang='lat' dir='ltr'><strong>colere?</strong></span> <span class='ocrx_word' id='word_1_9' title='bbox 803 484 878 544; x_wconf 89' lang='lat' dir='ltr'><strong>heuc</strong></span> <span class='ocrx_word' id='word_1_10' title='bbox 907 501 999 544; x_wconf 89' lang='lat' dir='ltr'><strong>arare.</strong></span> <span class='ocrx_word' id='word_1_11' title='bbox 1037 484 1108 563; x_wconf 88' lang='lat' dir='ltr'><strong>quid</strong></span> <span class='ocrx_word' id='word_1_12' title='bbox 1133 480 1322 545; x_wconf 80' lang='lat' dir='ltr'><strong>secuudum?</strong></span> 
     </span>
     <span class='ocr_line' id='line_1_3' title="bbox 175 589 741 672; baseline -0.004 -20"><span class='ocrx_word' id='word_1_13' title='bbox 175 611 266 653; x_wconf 89' lang='lat' dir='ltr'><strong>arare.</strong></span> <span class='ocrx_word' id='word_1_14' title='bbox 305 593 374 672; x_wconf 89' lang='lat' dir='ltr'><strong>quid</strong></span> <span class='ocrx_word' id='word_1_15' title='bbox 400 589 543 653; x_wconf 84' lang='lat' dir='ltr'><strong>tertium?</strong></span> <span class='ocrx_word' id='word_1_16' title='bbox 566 600 741 651; x_wconf 81' lang='lat' dir='ltr'><strong>stercorare.</strong></span> 
     </span>
     <span class='ocr_line' id='line_1_4' title="bbox 264 697 1321 776; baseline -0.003 -16"><span class='ocrx_word' id='word_1_17' title='bbox 264 699 321 769; x_wconf 87' lang='lat' dir='ltr'><strong>Qui</strong></span> <span class='ocrx_word' id='word_1_18' title='bbox 353 700 464 760; x_wconf 91' lang='lat' dir='ltr'><strong>oletum</strong></span> <span class='ocrx_word' id='word_1_19' title='bbox 492 700 664 776; x_wconf 81' lang='lat' dir='ltr'><strong>saepissime</strong></span> <span class='ocrx_word' id='word_1_20' title='bbox 688 705 717 757; x_wconf 87' lang='lat' dir='ltr'><strong>et</strong></span> <span class='ocrx_word' id='word_1_21' title='bbox 741 697 881 757; x_wconf 73' lang='lat' dir='ltr'><strong>altissime</strong></span> <span class='ocrx_word' id='word_1_22' title='bbox 904 699 1051 776; x_wconf 80' lang='lat' dir='ltr'><strong>miscebit,</strong></span> <span class='ocrx_word' id='word_1_23' title='bbox 1082 701 1107 757; x_wconf 82' lang='lat' dir='ltr'><strong>is</strong></span> <span class='ocrx_word' id='word_1_24' title='bbox 1130 701 1321 759; x_wconf 79' lang='lat' dir='ltr'><strong>tenuissimas</strong></span> 
     </span>
     <span class='ocr_line' id='line_1_5' title="bbox 175 802 1322 884; baseline -0.003 -17"><span class='ocrx_word' id='word_1_25' title='bbox 175 807 290 867; x_wconf 81' lang='lat' dir='ltr'><strong>radlees</strong></span> <span class='ocrx_word' id='word_1_26' title='bbox 314 807 453 867; x_wconf 84' lang='lat' dir='ltr'><strong>exarabit.</strong></span> <span class='ocrx_word' id='word_1_27' title='bbox 492 804 615 865; x_wconf 88' lang='lat' dir='ltr'><strong>simale</strong></span> <span class='ocrx_word' id='word_1_28' title='bbox 639 804 747 884; x_wconf 88' lang='lat' dir='ltr'><strong>arabit,</strong></span> <span class='ocrx_word' id='word_1_29' title='bbox 771 802 886 864; x_wconf 86' lang='lat' dir='ltr'><strong>radices</strong></span> <span class='ocrx_word' id='word_1_30' title='bbox 910 821 1012 863; x_wconf 93' lang='lat' dir='ltr'><strong>susum</strong></span> <span class='ocrx_word' id='word_1_31' title='bbox 1036 803 1172 883; x_wconf 87' lang='lat' dir='ltr'><strong>abibunt,</strong></span> <span class='ocrx_word' id='word_1_32' title='bbox 1196 807 1322 865; x_wconf 90' lang='lat' dir='ltr'><strong>crassio-</strong></span> 
     </span>
     <span class='ocr_line' id='line_1_6' title="bbox 176 910 1363 994; baseline -0.004 -20"><span class='ocrx_word' id='word_1_33' title='bbox 176 933 224 974; x_wconf 89' lang='lat' dir='ltr'><strong>res</strong></span> <span class='ocrx_word' id='word_1_34' title='bbox 247 915 328 994; x_wconf 88' lang='lat' dir='ltr'><strong>tieut,</strong></span> <span class='ocrx_word' id='word_1_35' title='bbox 352 922 381 974; x_wconf 93' lang='lat' dir='ltr'><strong>et</strong></span> <span class='ocrx_word' id='word_1_36' title='bbox 405 916 435 973; x_wconf 92' lang='lat' dir='ltr'><strong>in</strong></span> <span class='ocrx_word' id='word_1_37' title='bbox 459 912 574 972; x_wconf 86' lang='lat' dir='ltr'><strong>radices</strong></span> <span class='ocrx_word' id='word_1_38' title='bbox 598 913 676 971; x_wconf 91' lang='lat' dir='ltr'><strong>vires</strong></span> <span class='ocrx_word' id='word_1_39' title='bbox 701 911 781 971; x_wconf 89' lang='lat' dir='ltr'><strong>oleae</strong></span> <span class='ocrx_word' id='word_1_40' title='bbox 805 910 937 970; x_wconf 89' lang='lat' dir='ltr'><strong>abibunt.</strong></span> <span class='ocrx_word' id='word_1_41' title='bbox 974 928 1078 989; x_wconf 83' lang='lat' dir='ltr'><strong>agrum</strong></span> <span class='ocrx_word' id='word_1_42' title='bbox 1093 911 1323 972; x_wconf 79' lang='lat' dir='ltr'><strong>frumentarium</strong></span> <span class='ocrx_word' id='word_1_43' title='bbox 1351 930 1363 969; x_wconf 84' lang='lat' dir='ltr'><strong>s</strong></span> 
     </span>
     <span class='ocr_line' id='line_1_7' title="bbox 134 1017 1324 1103; baseline -0.003 -19"><span class='ocrx_word' id='word_1_44' title='bbox 134 1031 151 1085; x_wconf 81' lang='lat'><strong>2</strong></span> <span class='ocrx_word' id='word_1_45' title='bbox 176 1043 244 1084; x_wconf 91' lang='lat' dir='ltr'><strong>cum</strong></span> <span class='ocrx_word' id='word_1_46' title='bbox 264 1040 344 1103; x_wconf 78' lang='lat' dir='ltr'><strong>areS,</strong></span> <span class='ocrx_word' id='word_1_47' title='bbox 368 1021 443 1081; x_wconf 89' lang='lat' dir='ltr'><strong>heue</strong></span> <span class='ocrx_word' id='word_1_48' title='bbox 468 1029 497 1081; x_wconf 88' lang='lat' dir='ltr'><strong>et</strong></span> <span class='ocrx_word' id='word_1_49' title='bbox 520 1021 696 1098; x_wconf 88' lang='lat' dir='ltr'><strong>tempestivo</strong></span> <span class='ocrx_word' id='word_1_50' title='bbox 721 1037 799 1097; x_wconf 89' lang='lat' dir='ltr'><strong>ares,</strong></span> <span class='ocrx_word' id='word_1_51' title='bbox 830 1017 912 1078; x_wconf 89' lang='lat' dir='ltr'><strong>sulco</strong></span> <span class='ocrx_word' id='word_1_52' title='bbox 936 1020 1016 1078; x_wconf 88' lang='lat' dir='ltr'><strong>vario</strong></span> <span class='ocrx_word' id='word_1_53' title='bbox 1040 1036 1078 1078; x_wconf 89' lang='lat' dir='ltr'><strong>ne</strong></span> <span class='ocrx_word' id='word_1_54' title='bbox 1104 1037 1178 1079; x_wconf 86' lang='lat' dir='ltr'><strong>ares.</strong></span> <span class='ocrx_word' id='word_1_55' title='bbox 1223 1027 1324 1080; x_wconf 89' lang='lat' dir='ltr'><strong>cetera</strong></span> 
     </span>
     <span class='ocr_line' id='line_1_8' title="bbox 177 1120 1325 1205; baseline -0.003 -16"><span class='ocrx_word' id='word_1_56' title='bbox 177 1128 294 1189; x_wconf 89' lang='lat' dir='ltr'><strong>cultura</strong></span> <span class='ocrx_word' id='word_1_57' title='bbox 322 1136 368 1189; x_wconf 91' lang='lat' dir='ltr'><strong>est</strong></span> <span class='ocrx_word' id='word_1_58' title='bbox 394 1120 518 1188; x_wconf 88' lang='lat' dir='ltr'><strong>multum</strong></span> <span class='ocrx_word' id='word_1_59' title='bbox 548 1145 647 1187; x_wconf 89' lang='lat' dir='ltr'><strong>serere</strong></span> <span class='ocrx_word' id='word_1_60' title='bbox 679 1133 708 1185; x_wconf 88' lang='lat' dir='ltr'><strong>et</strong></span> <span class='ocrx_word' id='word_1_61' title='bbox 738 1125 896 1204; x_wconf 82' lang='lat' dir='ltr'><strong>diligenter</strong></span> <span class='ocrx_word' id='word_1_62' title='bbox 926 1127 1056 1185; x_wconf 83' lang='lat' dir='ltr'><strong>eximere</strong></span> <span class='ocrx_word' id='word_1_63' title='bbox 1080 1128 1192 1186; x_wconf 90' lang='lat' dir='ltr'><strong>semina</strong></span> <span class='ocrx_word' id='word_1_64' title='bbox 1216 1133 1246 1186; x_wconf 92' lang='lat' dir='ltr'><strong>et</strong></span> <span class='ocrx_word' id='word_1_65' title='bbox 1269 1145 1325 1205; x_wconf 88' lang='lat' dir='ltr'><strong>per</strong></span> 
     </span>
     <span class='ocr_line' id='line_1_9' title="bbox 178 1232 1325 1315; baseline -0.002 -19"><span class='ocrx_word' id='word_1_66' title='bbox 178 1245 296 1313; x_wconf 89' lang='lat' dir='ltr'><strong>tempus</strong></span> <span class='ocrx_word' id='word_1_67' title='bbox 319 1235 435 1296; x_wconf 86' lang='lat' dir='ltr'><strong>radices</strong></span> <span class='ocrx_word' id='word_1_68' title='bbox 455 1255 542 1315; x_wconf 91' lang='lat' dir='ltr'><strong>quam</strong></span> <span class='ocrx_word' id='word_1_69' title='bbox 562 1235 705 1313; x_wconf 90' lang='lat' dir='ltr'><strong>plurimas</strong></span> <span class='ocrx_word' id='word_1_70' title='bbox 724 1252 791 1294; x_wconf 90' lang='lat' dir='ltr'><strong>cum</strong></span> <span class='ocrx_word' id='word_1_71' title='bbox 815 1241 893 1293; x_wconf 87' lang='lat' dir='ltr'><strong>terra</strong></span> <span class='ocrx_word' id='word_1_72' title='bbox 918 1234 1010 1313; x_wconf 87' lang='lat' dir='ltr'><strong>Ierre;</strong></span> <span class='ocrx_word' id='word_1_73' title='bbox 1033 1232 1085 1293; x_wconf 88' lang='lat' dir='ltr'><strong>ubi</strong></span> <span class='ocrx_word' id='word_1_74' title='bbox 1108 1233 1225 1294; x_wconf 83' lang='lat' dir='ltr'><strong>radices</strong></span> <span class='ocrx_word' id='word_1_75' title='bbox 1247 1233 1325 1294; x_wconf 91' lang='lat' dir='ltr'><strong>bene</strong></span> 
     </span>
     <span class='ocr_line' id='line_1_10' title="bbox 178 1341 1324 1421; baseline 0 -20"><span class='ocrx_word' id='word_1_76' title='bbox 178 1343 346 1421; x_wconf 86' lang='lat' dir='ltr'><strong>operueris,</strong></span> <span class='ocrx_word' id='word_1_77' title='bbox 379 1342 491 1402; x_wconf 89' lang='lat' dir='ltr'><strong>calcare</strong></span> <span class='ocrx_word' id='word_1_78' title='bbox 515 1341 604 1420; x_wconf 88' lang='lat' dir='ltr'><strong>bene,</strong></span> <span class='ocrx_word' id='word_1_79' title='bbox 639 1358 675 1400; x_wconf 92' lang='lat' dir='ltr'><strong>ue</strong></span> <span class='ocrx_word' id='word_1_80' title='bbox 704 1358 779 1418; x_wconf 89' lang='lat' dir='ltr'><strong>aqua</strong></span> <span class='ocrx_word' id='word_1_81' title='bbox 803 1347 915 1399; x_wconf 88' lang='lat' dir='ltr'><strong>noceat.</strong></span> <span class='ocrx_word' id='word_1_82' title='bbox 962 1341 1056 1419; x_wconf 88' lang='lat' dir='ltr'><strong>siquis</strong></span> <span class='ocrx_word' id='word_1_83' title='bbox 1080 1348 1215 1420; x_wconf 81' lang='lat' dir='ltr'><strong>quaeret,</strong></span> <span class='ocrx_word' id='word_1_84' title='bbox 1244 1342 1324 1420; x_wconf 88' lang='lat' dir='ltr'><strong>quod</strong></span> 
     </span>
     <span class='ocr_line' id='line_1_11' title="bbox 180 1447 1366 1527; baseline 0.002 -19"><span class='ocrx_word' id='word_1_85' title='bbox 180 1456 297 1527; x_wconf 90' lang='lat' dir='ltr'><strong>tempus</strong></span> <span class='ocrx_word' id='word_1_86' title='bbox 321 1448 401 1508; x_wconf 88' lang='lat' dir='ltr'><strong>oleae</strong></span> <span class='ocrx_word' id='word_1_87' title='bbox 426 1449 567 1508; x_wconf 88' lang='lat' dir='ltr'><strong>serendae</strong></span> <span class='ocrx_word' id='word_1_88' title='bbox 590 1449 660 1527; x_wconf 79' lang='lat' dir='ltr'><strong>stet,</strong></span> <span class='ocrx_word' id='word_1_89' title='bbox 684 1464 753 1525; x_wconf 86' lang='lat' dir='ltr'><strong>agro</strong></span> <span class='ocrx_word' id='word_1_90' title='bbox 778 1449 857 1506; x_wconf 91' lang='lat' dir='ltr'><strong>sicco</strong></span> <span class='ocrx_word' id='word_1_91' title='bbox 881 1465 935 1525; x_wconf 90' lang='lat' dir='ltr'><strong>per</strong></span> <span class='ocrx_word' id='word_1_92' title='bbox 959 1449 1128 1526; x_wconf 85' lang='lat' dir='ltr'><strong>sementim,</strong></span> <span class='ocrx_word' id='word_1_93' title='bbox 1152 1464 1223 1525; x_wconf 86' lang='lat' dir='ltr'><strong>agro</strong></span> <span class='ocrx_word' id='word_1_94' title='bbox 1246 1447 1325 1508; x_wconf 87' lang='lat' dir='ltr'><strong>laeto</strong></span> <span class='ocrx_word' id='word_1_95' title='bbox 1341 1473 1366 1510; x_wconf 86' lang='lat' dir='ltr'><strong>m</strong></span> 
     </span>
     <span class='ocr_line' id='line_1_12' title="bbox 180 1553 907 1634; baseline -0.001 -20"><span class='ocrx_word' id='word_1_96' title='bbox 180 1574 233 1634; x_wconf 90' lang='lat' dir='ltr'><strong>per</strong></span> <span class='ocrx_word' id='word_1_97' title='bbox 249 1574 308 1615; x_wconf 87' lang='lat' dir='ltr'><strong>ver.</strong></span> <span class='ocrx_word' id='word_1_98' title='bbox 469 1625 471 1628; x_wconf 23' lang='lat'>¹</span> <span class='ocrx_word' id='word_1_99' title='bbox 906 1553 907 1556; x_wconf 67' lang='grc'>’</span> 
     </span>
     <span class='ocr_line' id='line_1_13' title="bbox 91 1660 1328 1748; baseline 0.001 -27"><span class='ocrx_word' id='word_1_100' title='bbox 91 1666 178 1742; x_wconf 22' lang='lat' dir='ltr'><strong>ixit,</strong></span> <span class='ocrx_word' id='word_1_101' title='bbox 237 1744 240 1748; x_wconf 14' lang='grc' dir='ltr'><em>Α</em></span> <span class='ocrx_word' id='word_1_102' title='bbox 272 1661 350 1732; x_wconf 86' lang='lat' dir='ltr'><strong>Quot</strong></span> <span class='ocrx_word' id='word_1_103' title='bbox 364 1663 432 1741; x_wconf 84' lang='lat' dir='ltr'><strong>iuga</strong></span> <span class='ocrx_word' id='word_1_104' title='bbox 447 1662 597 1742; x_wconf 88' lang='lat' dir='ltr'><strong>boverum,</strong></span> <span class='ocrx_word' id='word_1_105' title='bbox 620 1661 778 1741; x_wconf 89' lang='lat' dir='ltr'><strong>mulorum,</strong></span> <span class='ocrx_word' id='word_1_106' title='bbox 801 1662 951 1721; x_wconf 89' lang='lat' dir='ltr'><strong>asinorum</strong></span> <span class='ocrx_word' id='word_1_107' title='bbox 966 1660 1098 1743; x_wconf 75' lang='lat' dir='ltr'><strong>habebis,</strong></span> <span class='ocrx_word' id='word_1_108' title='bbox 1121 1661 1244 1722; x_wconf 86' lang='lat' dir='ltr'><strong>totidem</strong></span> <span class='ocrx_word' id='word_1_109' title='bbox 1264 1662 1328 1741; x_wconf 93' lang='lat' dir='ltr'><strong>plo·</strong></span> 
     </span>
     <span class='ocr_line' id='line_1_14' title="bbox 180 1776 480 1848; baseline -0.01 -16"><span class='ocrx_word' id='word_1_110' title='bbox 180 1777 242 1832; x_wconf 88' lang='lat' dir='ltr'><strong>stra</strong></span> <span class='ocrx_word' id='word_1_111' title='bbox 266 1788 332 1829; x_wconf 87' lang='lat' dir='ltr'><strong>esse</strong></span> <span class='ocrx_word' id='word_1_112' title='bbox 355 1776 480 1848; x_wconf 89' lang='lat' dir='ltr'><strong>oportet.</strong></span> 
     </span>
     <span class='ocr_line' id='line_1_15' title="bbox 64 1874 1327 1955; baseline 0.001 -19"><span class='ocrx_word' id='word_1_113' title='bbox 64 1880 161 1936; x_wconf 78' lang='lat' dir='ltr'><strong>¹LXIII</strong></span> <span class='ocrx_word' id='word_1_114' title='bbox 269 1874 388 1944; x_wconf 85' lang='lat' dir='ltr'><strong>Fuuem</strong></span> <span class='ocrx_word' id='word_1_115' title='bbox 415 1876 564 1936; x_wconf 85' lang='lat' dir='ltr'><strong>torculum</strong></span> <span class='ocrx_word' id='word_1_116' title='bbox 597 1894 662 1936; x_wconf 92' lang='lat' dir='ltr'><strong>esse</strong></span> <span class='ocrx_word' id='word_1_117' title='bbox 691 1883 808 1955; x_wconf 91' lang='lat' dir='ltr'><strong>oportet</strong></span> <span class='ocrx_word' id='word_1_118' title='bbox 836 1883 987 1935; x_wconf 87' lang='lat' dir='ltr'><strong>extentum</strong></span> <span class='ocrx_word' id='word_1_119' title='bbox 1016 1874 1108 1952; x_wconf 91' lang='lat' dir='ltr'><strong>pedes</strong></span> <span class='ocrx_word' id='word_1_120' title='bbox 1136 1889 1195 1955; x_wconf 83' lang='lat' dir='ltr'><strong>Lv,</strong></span> <span class='ocrx_word' id='word_1_121' title='bbox 1225 1878 1327 1937; x_wconf 73' lang='lat' dir='ltr'><strong>luerem</strong></span> 
     </span>
     <span class='ocr_line' id='line_1_16' title="bbox 181 1977 1366 2069; baseline 0.002 -27"><span class='ocrx_word' id='word_1_122' title='bbox 181 1983 294 2043; x_wconf 90' lang='lat' dir='ltr'><strong>loreum</strong></span> <span class='ocrx_word' id='word_1_123' title='bbox 314 1984 344 2042; x_wconf 87' lang='lat' dir='ltr'><strong>in</strong></span> <span class='ocrx_word' id='word_1_124' title='bbox 364 1982 509 2069; x_wconf 91' lang='lat' dir='ltr'><strong>plostrum</strong></span> <span class='ocrx_word' id='word_1_125' title='bbox 528 1999 558 2043; x_wconf 86' lang='lat' dir='ltr'><strong>P.</strong></span> <span class='ocrx_word' id='word_1_126' title='bbox 579 1997 638 2063; x_wconf 81' lang='lat' dir='ltr'><strong>Lx,</strong></span> <span class='ocrx_word' id='word_1_127' title='bbox 658 1977 901 2043; x_wconf 69' lang='lat' dir='ltr'><strong>lora&#39;retIuacula</strong></span> <span class='ocrx_word' id='word_1_128' title='bbox 920 1981 1005 2058; x_wconf 83' lang='lat' dir='ltr'><strong>longa</strong></span> <span class='ocrx_word' id='word_1_129' title='bbox 1024 1997 1053 2042; x_wconf 83' lang='lat' dir='ltr'><strong>P.</strong></span> <span class='ocrx_word' id='word_1_130' title='bbox 1067 1997 1165 2062; x_wconf 83' lang='lat' dir='ltr'><strong>xxvl,</strong></span> <span class='ocrx_word' id='word_1_131' title='bbox 1189 1982 1328 2060; x_wconf 86' lang='lat' dir='ltr'><strong>subiugia</strong></span> <span class='ocrx_word' id='word_1_132' title='bbox 1345 2005 1366 2044; x_wconf 83' lang='lat' dir='ltr'><strong>u</strong></span> 
     </span>
    </p>
   </div>
   <div class='ocr_carea' id='block_1_3' title="bbox 181 2159 392 2166">
    <p class='ocr_par' dir='ltr' id='par_1_3' title="bbox 181 2159 392 2166">
     <span class='ocr_line' id='line_1_17' title="bbox 181 2159 392 2166; baseline -0.005 0"><span class='ocrx_word' id='word_1_133' title='bbox 181 2159 392 2166; x_wconf 50' lang='lat' dir='ltr'><strong>m*-</strong></span> 
     </span>
    </p>
   </div>
   <div class='ocr_carea' id='block_1_4' title="bbox 183 2275 1328 2509">
    <p class='ocr_par' dir='ltr' id='par_1_4' title="bbox 183 2275 1328 2509">
     <span class='ocr_line' id='line_1_18' title="bbox 256 2275 1295 2346; baseline 0.003 -15"><span class='ocrx_word' id='word_1_134' title='bbox 256 2285 269 2331; x_wconf 90' lang='grc'>1</span> <span class='ocrx_word' id='word_1_135' title='bbox 290 2277 357 2346; x_wconf 90' lang='lat' dir='ltr'><strong>quid</strong></span> <span class='ocrx_word' id='word_1_136' title='bbox 377 2280 421 2332; x_wconf 84' lang='lat' dir='ltr'><strong>est</strong></span> <span class='ocrx_word' id='word_1_137' title='bbox 439 2295 538 2346; x_wconf 85' lang='lat' dir='ltr'><strong>agrum</strong></span> <span class='ocrx_word' id='word_1_138' title='bbox 559 2279 635 2333; x_wconf 77' lang='lat' dir='ltr'><strong>Plio.</strong></span> <span class='ocrx_word' id='word_1_139' title='bbox 655 2282 701 2343; x_wconf 76' lang='lat'><strong>18,</strong></span> <span class='ocrx_word' id='word_1_140' title='bbox 721 2281 774 2332; x_wconf 74' lang='lat'><strong>174</strong></span> <span class='ocrx_word' id='word_1_141' title='bbox 846 2275 930 2345; x_wconf 77' lang='lat' dir='ltr'><strong>tiqui</strong></span> <span class='ocrx_word' id='word_1_142' title='bbox 950 2276 1052 2331; x_wconf 87' lang='lat' dir='ltr'><strong>oletum</strong></span> <span class='ocrx_word' id='word_1_143' title='bbox 1075 2276 1152 2331; x_wconf 78' lang='lat' dir='ltr'><strong>Plio.</strong></span> <span class='ocrx_word' id='word_1_144' title='bbox 1173 2282 1295 2344; x_wconf 78' lang='lat'><em>17,126</em></span> 
     </span>
     <span class='ocr_line' id='line_1_19' title="bbox 184 2364 1328 2434; baseline 0.002 -14"><span class='ocrx_word' id='word_1_145' title='bbox 184 2373 199 2420; x_wconf 85' lang='grc'><strong>6</strong></span> <span class='ocrx_word' id='word_1_146' title='bbox 220 2366 312 2420; x_wconf 85' lang='lat' dir='ltr'><strong>cetera</strong></span> <span class='ocrx_word' id='word_1_147' title='bbox 331 2366 441 2418; x_wconf 86' lang='lat' dir='ltr'><strong>cultura</strong></span> <span class='ocrx_word' id='word_1_148' title='bbox 460 2383 480 2420; x_wconf 88' lang='lat' dir='ltr'><strong>c.</strong></span> <span class='ocrx_word' id='word_1_149' title='bbox 500 2370 540 2420; x_wconf 77' lang='lat'><strong>28</strong></span> <span class='ocrx_word' id='word_1_150' title='bbox 630 2372 646 2419; x_wconf 84' lang='lat'>9</span> <span class='ocrx_word' id='word_1_151' title='bbox 666 2364 753 2433; x_wconf 90' lang='lat' dir='ltr'><strong>siquis</strong></span> <span class='ocrx_word' id='word_1_152' title='bbox 772 2369 888 2434; x_wconf 84' lang='lat' dir='ltr'><strong>quaeret</strong></span> <span class='ocrx_word' id='word_1_153' title='bbox 906 2382 927 2418; x_wconf 88' lang='lat' dir='ltr'><strong>c.</strong></span> <span class='ocrx_word' id='word_1_154' title='bbox 947 2370 985 2420; x_wconf 82' lang='lat'><strong>27</strong></span> <span class='ocrx_word' id='word_1_155' title='bbox 1059 2372 1091 2419; x_wconf 88' lang='lat'><strong>13</strong></span> <span class='ocrx_word' id='word_1_156' title='bbox 1110 2366 1216 2420; x_wconf 88' lang='lat' dir='ltr'><strong>Funem</strong></span> <span class='ocrx_word' id='word_1_157' title='bbox 1235 2370 1328 2422; x_wconf 88' lang='lat' dir='ltr'><strong>torcu-</strong></span> 
     </span>
     <span class='ocr_line' id='line_1_20' title="bbox 183 2455 355 2509; baseline 0 -1"><span class='ocrx_word' id='word_1_158' title='bbox 183 2455 241 2508; x_wconf 89' lang='lat' dir='ltr'><strong>lum</strong></span> <span class='ocrx_word' id='word_1_159' title='bbox 260 2471 281 2508; x_wconf 88' lang='lat' dir='ltr'><strong>e.</strong></span> <span class='ocrx_word' id='word_1_160' title='bbox 301 2458 355 2509; x_wconf 84' lang='lat'><strong>135</strong></span> 
     </span>
    </p>
   </div>
   <div class='ocr_carea' id='block_1_5' title="bbox 184 2719 1333 4123">
    <p class='ocr_par' dir='ltr' id='par_1_5' title="bbox 184 2719 1333 3590">
     <span class='ocr_line' id='line_1_21' title="bbox 255 2719 1333 2792; baseline 0.004 -16"><span class='ocrx_word' id='word_1_161' title='bbox 255 2728 269 2776; x_wconf 89' lang='lat'>1</span> <span class='ocrx_word' id='word_1_162' title='bbox 299 2719 331 2774; x_wconf 87' lang='lat' dir='ltr'><strong>R.</strong></span> <span class='ocrx_word' id='word_1_163' title='bbox 361 2719 436 2773; x_wconf 90' lang='lat' dir='ltr'><strong>LXX</strong></span> <span class='ocrx_word' id='word_1_164' title='bbox 465 2719 610 2784; x_wconf 82' lang='lat' dir='ltr'><strong>Quomodo</strong></span> <span class='ocrx_word' id='word_1_165' title='bbox 636 2735 704 2790; x_wconf 83' lang='lat' dir='ltr'><strong>ager</strong></span> <span class='ocrx_word' id='word_1_166' title='bbox 726 2720 820 2775; x_wconf 88' lang='lat' dir='ltr'><strong>colant</strong></span> <span class='ocrx_word' id='word_1_167' title='bbox 846 2722 872 2775; x_wconf 83' lang='lat' dir='ltr'><em>A</em></span> <span class='ocrx_word' id='word_1_168' title='bbox 901 2720 1046 2787; x_wconf 81' lang='lat' dir='ltr'><strong>Quomodo</strong></span> <span class='ocrx_word' id='word_1_169' title='bbox 1071 2739 1137 2792; x_wconf 84' lang='lat' dir='ltr'><strong>ager</strong></span> <span class='ocrx_word' id='word_1_170' title='bbox 1164 2724 1276 2779; x_wconf 88' lang='lat' dir='ltr'><strong>colatur</strong></span> <span class='ocrx_word' id='word_1_171' title='bbox 1307 2726 1333 2780; x_wconf 86' lang='lat' dir='ltr'><em>V</em></span> 
     </span>
     <span class='ocr_line' id='line_1_22' title="bbox 185 2809 1331 2882; baseline 0.005 -18"><span class='ocrx_word' id='word_1_172' title='bbox 185 2811 329 2876; x_wconf 80' lang='lat' dir='ltr'><strong>Quomodo</strong></span> <span class='ocrx_word' id='word_1_173' title='bbox 355 2827 422 2879; x_wconf 86' lang='lat' dir='ltr'><strong>ager</strong></span> <span class='ocrx_word' id='word_1_174' title='bbox 445 2809 516 2863; x_wconf 89' lang='lat' dir='ltr'><strong>bene</strong></span> <span class='ocrx_word' id='word_1_175' title='bbox 540 2809 683 2863; x_wconf 87' lang='lat' dir='ltr'><strong>colaturb</strong></span> <span class='ocrx_word' id='word_1_176' title='bbox 792 2816 807 2864; x_wconf 81' lang='lat'>2</span> <span class='ocrx_word' id='word_1_177' title='bbox 832 2811 900 2879; x_wconf 91' lang='lat' dir='ltr'><strong>quid</strong></span> <span class='ocrx_word' id='word_1_178' title='bbox 923 2810 1038 2865; x_wconf 88' lang='lat' dir='ltr'><strong>tertium</strong></span> <span class='ocrx_word' id='word_1_179' title='bbox 1064 2813 1179 2867; x_wconf 74' lang='lat' dir='ltr'><strong>Plinius</strong></span> <span class='ocrx_word' id='word_1_180' title='bbox 1196 2819 1248 2881; x_wconf 75' lang='lat'><strong>18,</strong></span> <span class='ocrx_word' id='word_1_181' title='bbox 1267 2820 1331 2882; x_wconf 79' lang='lat'><strong>174,</strong></span> 
     </span>
     <span class='ocr_line' id='line_1_23' title="bbox 186 2897 1331 2970; baseline 0.006 -17"><span class='ocrx_word' id='word_1_182' title='bbox 186 2900 270 2953; x_wconf 85' lang='lat' dir='ltr'><strong>tertio</strong></span> <span class='ocrx_word' id='word_1_183' title='bbox 300 2899 326 2951; x_wconf 89' lang='lat' dir='ltr'><strong><em>V</em></strong></span> <span class='ocrx_word' id='word_1_184' title='bbox 329 2916 342 2954; x_wconf 94' lang='lat' dir='ltr'><strong>e</strong></span> <span class='ocrx_word' id='word_1_185' title='bbox 368 2897 457 2953; x_wconf 89' lang='lat' dir='ltr'><strong>tercio</strong></span> <span class='ocrx_word' id='word_1_186' title='bbox 481 2898 529 2953; x_wconf 84' lang='lat' dir='ltr'><strong>Ab</strong></span> <span class='ocrx_word' id='word_1_187' title='bbox 647 2903 663 2952; x_wconf 83' lang='lat'><strong>3</strong></span> <span class='ocrx_word' id='word_1_188' title='bbox 697 2898 749 2965; x_wconf 90' lang='lat' dir='ltr'><strong>Qui</strong></span> <span class='ocrx_word' id='word_1_189' title='bbox 782 2899 917 2954; x_wconf 88' lang='lat' dir='ltr'><strong>olivetum</strong></span> <span class='ocrx_word' id='word_1_190' title='bbox 945 2900 1106 2970; x_wconf 84' lang='lat' dir='ltr'><strong>saepissime</strong></span> <span class='ocrx_word' id='word_1_191' title='bbox 1132 2904 1161 2955; x_wconf 90' lang='lat' dir='ltr'><strong>et</strong></span> <span class='ocrx_word' id='word_1_192' title='bbox 1193 2903 1331 2960; x_wconf 84' lang='lat' dir='ltr'><strong>altissime</strong></span> 
     </span>
     <span class='ocr_line' id='line_1_24' title="bbox 184 2985 1331 3057; baseline 0.005 -15"><span class='ocrx_word' id='word_1_193' title='bbox 184 2988 326 3057; x_wconf 83' lang='lat' dir='ltr'><strong>miscebit,</strong></span> <span class='ocrx_word' id='word_1_194' title='bbox 350 2988 373 3042; x_wconf 92' lang='lat' dir='ltr'><strong>is</strong></span> <span class='ocrx_word' id='word_1_195' title='bbox 398 2985 577 3042; x_wconf 86' lang='lat' dir='ltr'><strong>tenuissimas</strong></span> <span class='ocrx_word' id='word_1_196' title='bbox 600 2987 709 3042; x_wconf 84' lang='lat' dir='ltr'><strong>radices</strong></span> <span class='ocrx_word' id='word_1_197' title='bbox 733 2988 875 3056; x_wconf 87' lang='lat' dir='ltr'><strong>exarabit,</strong></span> <span class='ocrx_word' id='word_1_198' title='bbox 898 2987 1006 3043; x_wconf 82' lang='lat' dir='ltr'><strong>radices</strong></span> <span class='ocrx_word' id='word_1_199' title='bbox 1028 3006 1122 3043; x_wconf 86' lang='lat' dir='ltr'><strong>susum</strong></span> <span class='ocrx_word' id='word_1_200' title='bbox 1146 2991 1266 3047; x_wconf 88' lang='lat' dir='ltr'><strong>abibunt</strong></span> <span class='ocrx_word' id='word_1_201' title='bbox 1288 3010 1331 3048; x_wconf 90' lang='lat' dir='ltr'><strong>eo·</strong></span> 
     </span>
     <span class='ocr_line' id='line_1_25' title="bbox 184 3075 1330 3147; baseline 0.001 -14"><span class='ocrx_word' id='word_1_202' title='bbox 184 3080 255 3133; x_wconf 77' lang='lat' dir='ltr'><strong>dices</strong></span> <span class='ocrx_word' id='word_1_203' title='bbox 276 3077 368 3130; x_wconf 81' lang='lat' dir='ltr'><strong>Plc‘ac&#39;a&#39;</strong></span> <span class='ocrx_word' id='word_1_204' title='bbox 385 3080 422 3130; x_wconf 83' lang='lat'><strong>17</strong></span> <span class='ocrx_word' id='word_1_205' title='bbox 426 3117 435 3142; x_wconf 83' lang='lat'><strong>,</strong></span> <span class='ocrx_word' id='word_1_206' title='bbox 454 3080 510 3131; x_wconf 82' lang='lat'><strong>127</strong></span> <span class='ocrx_word' id='word_1_207' title='bbox 581 3133 583 3138; x_wconf 64' lang='grc'><em>,</em></span> <span class='ocrx_word' id='word_1_208' title='bbox 617 3075 779 3143; x_wconf 86' lang='lat' dir='ltr'><strong>saepissime</strong></span> <span class='ocrx_word' id='word_1_209' title='bbox 803 3079 832 3130; x_wconf 90' lang='lat' dir='ltr'><strong>et</strong></span> <span class='ocrx_word' id='word_1_210' title='bbox 850 3075 1001 3130; x_wconf 85' lang='lat' dir='ltr'><strong>altissimas</strong></span> <span class='ocrx_word' id='word_1_211' title='bbox 1019 3076 1127 3132; x_wconf 78' lang='lat' dir='ltr'><strong>radices</strong></span> <span class='ocrx_word' id='word_1_212' title='bbox 1152 3080 1224 3147; x_wconf 82' lang='lat' dir='ltr'><strong>(radi</strong></span> <span class='ocrx_word' id='word_1_213' title='bbox 1239 3125 1245 3136; x_wconf 94' lang='lat'>.</span> <span class='ocrx_word' id='word_1_214' title='bbox 1262 3124 1268 3136; x_wconf 90' lang='lat'><em>.</em></span> <span class='ocrx_word' id='word_1_215' title='bbox 1284 3099 1330 3136; x_wconf 88' lang='lat' dir='ltr'><strong>ces</strong></span> 
     </span>
     <span class='ocr_line' id='line_1_26' title="bbox 184 3163 1331 3231; baseline 0.003 -11"><span class='ocrx_word' id='word_1_216' title='bbox 184 3168 291 3220; x_wconf 84' lang='lat' dir='ltr'><strong>duabus</strong></span> <span class='ocrx_word' id='word_1_217' title='bbox 319 3167 417 3218; x_wconf 80' lang='lat' dir='ltr'><strong>litteris</strong></span> <span class='ocrx_word' id='word_1_218' title='bbox 443 3167 536 3220; x_wconf 74' lang='lat' dir='ltr'><strong>deletas</strong></span> <span class='ocrx_word' id='word_1_219' title='bbox 561 3166 599 3231; x_wconf 84' lang='lat' dir='ltr'><strong>A)</strong></span> <span class='ocrx_word' id='word_1_220' title='bbox 628 3163 752 3216; x_wconf 85' lang='lat' dir='ltr'><strong>exarabit</strong></span> <span class='ocrx_word' id='word_1_221' title='bbox 783 3164 871 3217; x_wconf 85' lang='lat' dir='ltr'><strong>VAR</strong></span> <span class='ocrx_word' id='word_1_222' title='bbox 898 3170 923 3218; x_wconf 83' lang='lat' dir='ltr'><strong>et</strong></span> <span class='ocrx_word' id='word_1_223' title='bbox 950 3167 1051 3220; x_wconf 76' lang='lat' dir='ltr'><strong>coddees</strong></span> <span class='ocrx_word' id='word_1_224' title='bbox 1076 3166 1192 3222; x_wconf 79' lang='lat' dir='ltr'><strong>Vietora&#39;e‘</strong></span> <span class='ocrx_word' id='word_1_225' title='bbox 1269 3171 1331 3224; x_wconf 77' lang='lat' dir='ltr'><strong>tsi</strong></span> 
     </span>
     <span class='ocr_line' id='line_1_27' title="bbox 185 3252 1331 3327; baseline 0.003 -19"><span class='ocrx_word' id='word_1_226' title='bbox 185 3255 258 3309; x_wconf 88' lang='lat' dir='ltr'><strong>male</strong></span> <span class='ocrx_word' id='word_1_227' title='bbox 272 3253 362 3307; x_wconf 88' lang='lat' dir='ltr'><strong>arabit</strong></span> <span class='ocrx_word' id='word_1_228' title='bbox 379 3253 454 3307; x_wconf 76' lang='lat' dir='ltr'><strong>Vde</strong></span> <span class='ocrx_word' id='word_1_229' title='bbox 472 3254 496 3307; x_wconf 90' lang='lat' dir='ltr'><strong>si</strong></span> <span class='ocrx_word' id='word_1_230' title='bbox 515 3253 588 3307; x_wconf 87' lang='lat' dir='ltr'><strong>male</strong></span> <span class='ocrx_word' id='word_1_231' title='bbox 603 3252 729 3305; x_wconf 86' lang='lat' dir='ltr'><strong>exarabit</strong></span> <span class='ocrx_word' id='word_1_232' title='bbox 748 3253 777 3317; x_wconf 83' lang='lat' dir='ltr'><strong>b,</strong></span> <span class='ocrx_word' id='word_1_233' title='bbox 801 3253 882 3318; x_wconf 78' lang='lat' dir='ltr'><strong>oluf</strong></span> <span class='ocrx_word' id='word_1_234' title='bbox 949 3254 1067 3309; x_wconf 87' lang='lat' dir='ltr'><strong>abibunt</strong></span> <span class='ocrx_word' id='word_1_235' title='bbox 1084 3262 1198 3326; x_wconf 80' lang='lat' dir='ltr'><strong>utroque</strong></span> <span class='ocrx_word' id='word_1_236' title='bbox 1216 3259 1274 3312; x_wconf 89' lang='lat' dir='ltr'><strong>loeo</strong></span> <span class='ocrx_word' id='word_1_237' title='bbox 1299 3258 1331 3327; x_wconf 82' lang='lat' dir='ltr'><strong>V,</strong></span> 
     </span>
     <span class='ocr_line' id='line_1_28' title="bbox 185 3339 1330 3411; baseline 0.004 -16"><span class='ocrx_word' id='word_1_238' title='bbox 185 3342 302 3396; x_wconf 89' lang='lat' dir='ltr'><strong>adibunt</strong></span> <span class='ocrx_word' id='word_1_239' title='bbox 315 3345 410 3411; x_wconf 78' lang='lat' dir='ltr'><strong>priore</strong></span> <span class='ocrx_word' id='word_1_240' title='bbox 428 3344 485 3397; x_wconf 86' lang='lat' dir='ltr'><strong>loeo</strong></span> <span class='ocrx_word' id='word_1_241' title='bbox 499 3340 638 3396; x_wconf 83' lang='lat' dir='ltr'><strong>ARVa&#39;ct.</strong></span> <span class='ocrx_word' id='word_1_242' title='bbox 712 3339 846 3396; x_wconf 86' lang='lat' dir='ltr'><strong>crasiores</strong></span> <span class='ocrx_word' id='word_1_243' title='bbox 863 3342 893 3395; x_wconf 73' lang='lat' dir='ltr'><strong><em>A</em></strong></span> <span class='ocrx_word' id='word_1_244' title='bbox 965 3348 1098 3411; x_wconf 76' lang='lat' dir='ltr'><strong>tagram</strong></span> <span class='ocrx_word' id='word_1_245' title='bbox 1117 3344 1330 3400; x_wconf 84' lang='lat' dir='ltr'><strong>frumentarium</strong></span> 
     </span>
     <span class='ocr_line' id='line_1_29' title="bbox 187 3429 1330 3503; baseline 0.005 -20"><span class='ocrx_word' id='word_1_246' title='bbox 187 3463 218 3471; x_wconf 90' lang='lat'>-</span> <span class='ocrx_word' id='word_1_247' title='bbox 238 3448 273 3484; x_wconf 86' lang='lat' dir='ltr'><strong>ne</strong></span> <span class='ocrx_word' id='word_1_248' title='bbox 292 3447 352 3485; x_wconf 87' lang='lat' dir='ltr'><strong>ares</strong></span> <span class='ocrx_word' id='word_1_249' title='bbox 370 3436 431 3501; x_wconf 84' lang='lat' dir='ltr'><strong>post</strong></span> <span class='ocrx_word' id='word_1_250' title='bbox 449 3437 464 3482; x_wconf 79' lang='lat'>2</span> <span class='ocrx_word' id='word_1_251' title='bbox 484 3432 636 3483; x_wconf 83' lang='lat' dir='ltr'><strong>stercorare</strong></span> <span class='ocrx_word' id='word_1_252' title='bbox 659 3431 829 3498; x_wconf 76' lang='lat' dir='ltr'><strong>transposuit</strong></span> <span class='ocrx_word' id='word_1_253' title='bbox 851 3429 1029 3486; x_wconf 74' lang='lat' dir='ltr'><strong>Schneiderus</strong></span> <span class='ocrx_word' id='word_1_254' title='bbox 1126 3440 1142 3487; x_wconf 86' lang='lat'><strong>6</strong></span> <span class='ocrx_word' id='word_1_255' title='bbox 1161 3435 1330 3503; x_wconf 88' lang='lat' dir='ltr'><strong>tempestiuo</strong></span> 
     </span>
     <span class='ocr_line' id='line_1_30' title="bbox 188 3519 1331 3590; baseline 0.004 -17"><span class='ocrx_word' id='word_1_256' title='bbox 188 3520 265 3575; x_wconf 83' lang='lat' dir='ltr'><strong>PAe</strong></span> <span class='ocrx_word' id='word_1_257' title='bbox 283 3520 451 3590; x_wconf 87' lang='lat' dir='ltr'><strong>tempestiue</strong></span> <span class='ocrx_word' id='word_1_258' title='bbox 471 3520 509 3572; x_wconf 85' lang='lat' dir='ltr'><strong>bo</strong></span> <span class='ocrx_word' id='word_1_259' title='bbox 609 3520 720 3573; x_wconf 84' lang='lat' dir='ltr'><strong>caetera</strong></span> <span class='ocrx_word' id='word_1_260' title='bbox 748 3519 773 3573; x_wconf 87' lang='lat' dir='ltr'><strong><em>V</em></strong></span> <span class='ocrx_word' id='word_1_261' title='bbox 871 3521 1025 3575; x_wconf 73' lang='lat' dir='ltr'><strong>tmultum</strong></span> <span class='ocrx_word' id='word_1_262' title='bbox 1044 3522 1130 3575; x_wconf 86' lang='lat' dir='ltr'><strong>sarire</strong></span> <span class='ocrx_word' id='word_1_263' title='bbox 1150 3521 1331 3578; x_wconf 67' lang='lat' dir='ltr'><strong>Seleucidesus</strong></span> 
     </span>
    </p>

    <p class='ocr_par' dir='ltr' id='par_1_6' title="bbox 265 3595 1094 3678">
     <span class='ocr_line' id='line_1_31' title="bbox 265 3595 1094 3678; baseline 0.002 -15"><span class='ocrx_word' id='word_1_264' title='bbox 265 3616 281 3663; x_wconf 84' lang='lat'>9</span> <span class='ocrx_word' id='word_1_265' title='bbox 299 3608 403 3677; x_wconf 88' lang='lat' dir='ltr'><strong>nequid</strong></span> <span class='ocrx_word' id='word_1_266' title='bbox 422 3609 524 3660; x_wconf 85' lang='lat' dir='ltr'><strong>noceat</strong></span> <span class='ocrx_word' id='word_1_267' title='bbox 544 3595 656 3662; x_wconf 73' lang='lat' dir='ltr'><strong>Pilatus</strong></span> <span class='ocrx_word' id='word_1_268' title='bbox 737 3608 825 3678; x_wconf 84' lang='lat' dir='ltr'><strong>quuis</strong></span> <span class='ocrx_word' id='word_1_269' title='bbox 844 3612 960 3678; x_wconf 87' lang='lat' dir='ltr'><strong>quaerat</strong></span> <span class='ocrx_word' id='word_1_270' title='bbox 981 3611 1094 3665; x_wconf 76' lang='lat' dir='ltr'><strong>Plinius</strong></span> 
     </span>
    </p>

    <p class='ocr_par' dir='ltr' id='par_1_7' title="bbox 186 3695 1332 4123">
     <span class='ocr_line' id='line_1_32' title="bbox 258 3695 1331 3769; baseline 0.005 -19"><span class='ocrx_word' id='word_1_271' title='bbox 258 3705 290 3750; x_wconf 80' lang='lat'><strong>12</strong></span> <span class='ocrx_word' id='word_1_272' title='bbox 310 3698 342 3750; x_wconf 84' lang='lat' dir='ltr'><strong>a.</strong></span> <span class='ocrx_word' id='word_1_273' title='bbox 363 3695 452 3749; x_wconf 87' lang='lat' dir='ltr'>LXXI</span> <span class='ocrx_word' id='word_1_274' title='bbox 471 3695 550 3762; x_wconf 88' lang='lat' dir='ltr'><strong>Quod</strong></span> <span class='ocrx_word' id='word_1_275' title='bbox 560 3697 666 3766; x_wconf 88' lang='lat' dir='ltr'><strong>plostra</strong></span> <span class='ocrx_word' id='word_1_276' title='bbox 684 3698 788 3752; x_wconf 85' lang='lat' dir='ltr'><strong>habere</strong></span> <span class='ocrx_word' id='word_1_277' title='bbox 807 3699 997 3769; x_wconf 86' lang='lat' dir='ltr'><strong>oportetA(?)</strong></span> <span class='ocrx_word' id='word_1_278' title='bbox 1014 3699 1094 3764; x_wconf 94' lang='lat' dir='ltr'><strong>Quod</strong></span> <span class='ocrx_word' id='word_1_279' title='bbox 1109 3702 1217 3769; x_wconf 84' lang='lat' dir='ltr'><strong>plostra</strong></span> <span class='ocrx_word' id='word_1_280' title='bbox 1227 3702 1331 3757; x_wconf 86' lang='lat' dir='ltr'><strong>habere</strong></span> 
     </span>
     <span class='ocr_line' id='line_1_33' title="bbox 187 3783 1332 3857; baseline 0.006 -19"><span class='ocrx_word' id='word_1_281' title='bbox 187 3786 317 3854; x_wconf 84' lang='lat' dir='ltr'><strong>oporteat</strong></span> <span class='ocrx_word' id='word_1_282' title='bbox 337 3784 365 3837; x_wconf 93' lang='lat' dir='ltr'><strong><em>P</em></strong></span> <span class='ocrx_word' id='word_1_283' title='bbox 396 3783 470 3850; x_wconf 88' lang='lat' dir='ltr'><strong>Quot</strong></span> <span class='ocrx_word' id='word_1_284' title='bbox 492 3785 599 3854; x_wconf 87' lang='lat' dir='ltr'><strong>plostra</strong></span> <span class='ocrx_word' id='word_1_285' title='bbox 624 3785 760 3857; x_wconf 87' lang='lat' dir='ltr'><strong>(plaustra</strong></span> <span class='ocrx_word' id='word_1_286' title='bbox 779 3789 805 3856; x_wconf 84' lang='lat' dir='ltr'><strong>b)</strong></span> <span class='ocrx_word' id='word_1_287' title='bbox 838 3787 940 3841; x_wconf 85' lang='lat' dir='ltr'><strong>habere</strong></span> <span class='ocrx_word' id='word_1_288' title='bbox 959 3790 1088 3857; x_wconf 84' lang='lat' dir='ltr'><strong>oporteat</strong></span> <span class='ocrx_word' id='word_1_289' title='bbox 1107 3791 1147 3844; x_wconf 85' lang='lat' dir='ltr'><strong>bo</strong></span> <span class='ocrx_word' id='word_1_290' title='bbox 1257 3790 1332 3856; x_wconf 90' lang='lat' dir='ltr'><strong>Quot</strong></span> 
     </span>
     <span class='ocr_line' id='line_1_34' title="bbox 186 3871 1331 3947; baseline 0.006 -21"><span class='ocrx_word' id='word_1_291' title='bbox 186 3875 253 3940; x_wconf 87' lang='lat' dir='ltr'><strong>iuga</strong></span> <span class='ocrx_word' id='word_1_292' title='bbox 272 3873 322 3927; x_wconf 83' lang='lat' dir='ltr'><strong>Ru</strong></span> <span class='ocrx_word' id='word_1_293' title='bbox 347 3871 427 3938; x_wconf 90' lang='lat' dir='ltr'><strong>Quod</strong></span> <span class='ocrx_word' id='word_1_294' title='bbox 445 3873 511 3944; x_wconf 82' lang='lat' dir='ltr'><strong>iuga</strong></span> <span class='ocrx_word' id='word_1_295' title='bbox 532 3875 589 3929; x_wconf 84' lang='grc' dir='ltr'><strong>ΡΑ</strong></span> <span class='ocrx_word' id='word_1_296' title='bbox 643 3876 778 3929; x_wconf 89' lang='lat' dir='ltr'><strong>bouerum</strong></span> <span class='ocrx_word' id='word_1_297' title='bbox 794 3877 898 3942; x_wconf 78' lang='lat' dir='ltr'><strong>PAlrf</strong></span> <span class='ocrx_word' id='word_1_298' title='bbox 912 3877 947 3930; x_wconf 90' lang='lat' dir='ltr'><strong>bo</strong></span> <span class='ocrx_word' id='word_1_299' title='bbox 967 3884 1090 3946; x_wconf 70' lang='lat' dir='ltr'><strong>sequente</strong></span> <span class='ocrx_word' id='word_1_300' title='bbox 1109 3880 1210 3932; x_wconf 78' lang='lat' dir='ltr'><strong>lacuna</strong></span> <span class='ocrx_word' id='word_1_301' title='bbox 1223 3896 1331 3947; x_wconf 75' lang='lat' dir='ltr'><strong>paroea-</strong></span> 
     </span>
     <span class='ocr_line' id='line_1_35' title="bbox 186 3964 1331 4034; baseline 0.006 -18"><span class='ocrx_word' id='word_1_302' title='bbox 186 3980 248 4017; x_wconf 82' lang='lat' dir='ltr'><strong>rum</strong></span> <span class='ocrx_word' id='word_1_303' title='bbox 272 3965 425 4018; x_wconf 75' lang='lat' dir='ltr'><strong>litterarum</strong></span> <span class='ocrx_word' id='word_1_304' title='bbox 444 3981 458 4018; x_wconf 90' lang='lat' dir='ltr'><strong>e</strong></span> <span class='ocrx_word' id='word_1_305' title='bbox 477 3964 561 4018; x_wconf 90' lang='lat' dir='ltr'><strong>boum</strong></span> <span class='ocrx_word' id='word_1_306' title='bbox 580 3983 604 4019; x_wconf 87' lang='lat' dir='ltr'><strong>o.</strong></span> <span class='ocrx_word' id='word_1_307' title='bbox 643 3964 692 4018; x_wconf 82' lang='lat' dir='ltr'><strong>‘Iu</strong></span> <span class='ocrx_word' id='word_1_308' title='bbox 714 3982 798 4019; x_wconf 81' lang='lat' dir='ltr'><strong>mauu</strong></span> <span class='ocrx_word' id='word_1_309' title='bbox 820 3967 931 4034; x_wconf 71' lang='lat' dir='ltr'><strong>seraptis</strong></span> <span class='ocrx_word' id='word_1_310' title='bbox 949 3983 1015 4034; x_wconf 80' lang='lat' dir='ltr'><strong>quos</strong></span> <span class='ocrx_word' id='word_1_311' title='bbox 1034 3968 1104 4032; x_wconf 77' lang='lat' dir='ltr'><strong>uidi,</strong></span> <span class='ocrx_word' id='word_1_312' title='bbox 1131 3968 1281 4023; x_wconf 87' lang='lat' dir='ltr'><strong>Bouerum:</strong></span> <span class='ocrx_word' id='word_1_313' title='bbox 1300 3971 1331 4023; x_wconf 78' lang='lat' dir='ltr'><strong>la</strong></span> 
     </span>
     <span class='ocr_line' id='line_1_36' title="bbox 187 4054 1278 4123; baseline 0.002 -15"><span class='ocrx_word' id='word_1_314' title='bbox 187 4055 286 4122; x_wconf 82' lang='lat' dir='ltr'><strong>optlmo</strong></span> <span class='ocrx_word' id='word_1_315' title='bbox 305 4055 454 4122; x_wconf 76' lang='lat' dir='ltr'><strong>eaeurplarl</strong></span> <span class='ocrx_word' id='word_1_316' title='bbox 472 4055 563 4108; x_wconf 76' lang='lat' dir='ltr'><strong>maadi</strong></span> <span class='ocrx_word' id='word_1_317' title='bbox 580 4059 647 4108; x_wconf 83' lang='lat' dir='ltr'><strong>uota</strong></span> <span class='ocrx_word' id='word_1_318' title='bbox 665 4054 703 4108; x_wconf 82' lang='lat' dir='ltr'><strong>ud</strong></span> <span class='ocrx_word' id='word_1_319' title='bbox 720 4055 793 4108; x_wconf 76' lang='lat' dir='ltr'><strong>huuc</strong></span> <span class='ocrx_word' id='word_1_320' title='bbox 812 4054 898 4108; x_wconf 84' lang='lat' dir='ltr'><strong>locum</strong></span> <span class='ocrx_word' id='word_1_321' title='bbox 918 4055 1045 4123; x_wconf 81' lang='lat' dir='ltr'><strong>adpositu</strong></span> <span class='ocrx_word' id='word_1_322' title='bbox 1064 4057 1112 4111; x_wconf 84' lang='lat' dir='ltr'><strong>est’</strong></span> <span class='ocrx_word' id='word_1_323' title='bbox 1139 4057 1278 4112; x_wconf 80' lang='lat' dir='ltr'><strong>Vletorius</strong></span> 
     </span>
    </p>
   </div>
   <div class='ocr_carea' id='block_1_6' title="bbox 187 4152 1332 4499">
    <p class='ocr_par' dir='ltr' id='par_1_8' title="bbox 187 4152 372 4214">
     <span class='ocr_line' id='line_1_37' title="bbox 187 4152 372 4214; baseline 0 -1"><span class='ocrx_word' id='word_1_324' title='bbox 187 4152 325 4214; x_wconf 65' lang='lat' dir='ltr'><strong>ullorum</strong></span> <span class='ocrx_word' id='word_1_325' title='bbox 344 4161 372 4213; x_wconf 85' lang='lat' dir='ltr'><strong><em>A</em></strong></span> 
     </span>
    </p>

    <p class='ocr_par' dir='ltr' id='par_1_9' title="bbox 188 4179 1332 4499">
     <span class='ocr_line' id='line_1_38' title="bbox 216 4179 1332 4321; baseline 0.009 -21"><span class='ocrx_word' id='word_1_326' title='bbox 216 4179 233 4216; x_wconf 67' lang='lat' dir='ltr'>a</span> <span class='ocrx_word' id='word_1_327' title='bbox 260 4253 294 4301; x_wconf 87' lang='grc'><strong>14</strong></span> <span class='ocrx_word' id='word_1_328' title='bbox 311 4250 343 4301; x_wconf 85' lang='lat' dir='ltr'><strong>R.</strong></span> <span class='ocrx_word' id='word_1_329' title='bbox 363 4247 463 4303; x_wconf 84' lang='lat' dir='ltr'>LXXII</span> <span class='ocrx_word' id='word_1_330' title='bbox 490 4251 596 4306; x_wconf 86' lang='lat' dir='ltr'><strong>Funem</strong></span> <span class='ocrx_word' id='word_1_331' title='bbox 624 4267 709 4320; x_wconf 86' lang='lat' dir='ltr'><strong>quam</strong></span> <span class='ocrx_word' id='word_1_332' title='bbox 736 4251 850 4320; x_wconf 84' lang='lat' dir='ltr'><strong>longam</strong></span> <span class='ocrx_word' id='word_1_333' title='bbox 874 4267 934 4306; x_wconf 86' lang='lat' dir='ltr'><strong>esse</strong></span> <span class='ocrx_word' id='word_1_334' title='bbox 958 4244 1088 4321; x_wconf 78' lang='lat' dir='ltr'><strong>oporteat</strong></span> <span class='ocrx_word' id='word_1_335' title='bbox 1111 4252 1190 4309; x_wconf 89' lang='lat' dir='ltr'><strong>APb</strong></span> <span class='ocrx_word' id='word_1_336' title='bbox 1223 4253 1332 4310; x_wconf 87' lang='lat' dir='ltr'><strong>Funem</strong></span> 
     </span>
     <span class='ocr_line' id='line_1_39' title="bbox 190 4337 1331 4408; baseline 0.006 -18"><span class='ocrx_word' id='word_1_337' title='bbox 190 4354 270 4404; x_wconf 85' lang='lat' dir='ltr'><strong>quam</strong></span> <span class='ocrx_word' id='word_1_338' title='bbox 291 4337 406 4404; x_wconf 84' lang='lat' dir='ltr'><strong>longum</strong></span> <span class='ocrx_word' id='word_1_339' title='bbox 426 4353 484 4392; x_wconf 86' lang='lat' dir='ltr'><strong>esse</strong></span> <span class='ocrx_word' id='word_1_340' title='bbox 503 4339 633 4406; x_wconf 87' lang='lat' dir='ltr'><strong>oporteat</strong></span> <span class='ocrx_word' id='word_1_341' title='bbox 649 4356 675 4393; x_wconf 85' lang='lat' dir='ltr'><strong>a·</strong></span> <span class='ocrx_word' id='word_1_342' title='bbox 747 4341 890 4393; x_wconf 87' lang='lat' dir='ltr'><strong>extentum</strong></span> <span class='ocrx_word' id='word_1_343' title='bbox 908 4341 994 4408; x_wconf 89' lang='lat' dir='ltr'><strong>pedes</strong></span> <span class='ocrx_word' id='word_1_344' title='bbox 1013 4341 1062 4396; x_wconf 88' lang='lat' dir='ltr'><strong>LV</strong></span> <span class='ocrx_word' id='word_1_345' title='bbox 1082 4340 1160 4395; x_wconf 83' lang='lat' dir='ltr'><strong>PAc</strong></span> <span class='ocrx_word' id='word_1_346' title='bbox 1187 4344 1331 4397; x_wconf 85' lang='lat' dir='ltr'><strong>extentum</strong></span> 
     </span>
     <span class='ocr_line' id='line_1_40' title="bbox 188 4425 1214 4499; baseline 0.007 -21"><span class='ocrx_word' id='word_1_347' title='bbox 188 4443 215 4495; x_wconf 90' lang='lat' dir='ltr'><strong>p.</strong></span> <span class='ocrx_word' id='word_1_348' title='bbox 235 4425 283 4479; x_wconf 84' lang='lat' dir='ltr'><strong>LV</strong></span> <span class='ocrx_word' id='word_1_349' title='bbox 302 4427 344 4482; x_wconf 81' lang='lat' dir='ltr'><strong>bv</strong></span> <span class='ocrx_word' id='word_1_350' title='bbox 427 4433 458 4480; x_wconf 88' lang='lat'><strong>15</strong></span> <span class='ocrx_word' id='word_1_351' title='bbox 477 4427 507 4480; x_wconf 89' lang='lat' dir='ltr'><strong>in</strong></span> <span class='ocrx_word' id='word_1_352' title='bbox 525 4428 681 4498; x_wconf 87' lang='lat' dir='ltr'><strong>plaustrum</strong></span> <span class='ocrx_word' id='word_1_353' title='bbox 695 4430 791 4497; x_wconf 77' lang='lat' dir='ltr'><strong>priore</strong></span> <span class='ocrx_word' id='word_1_354' title='bbox 810 4429 865 4484; x_wconf 89' lang='lat' dir='ltr'><strong>loco</strong></span> <span class='ocrx_word' id='word_1_355' title='bbox 886 4429 978 4483; x_wconf 83' lang='lat' dir='ltr'><strong>PAR</strong></span> <span class='ocrx_word' id='word_1_356' title='bbox 995 4429 1024 4484; x_wconf 90' lang='lat' dir='ltr'><strong>in</strong></span> <span class='ocrx_word' id='word_1_357' title='bbox 1044 4429 1179 4499; x_wconf 83' lang='lat' dir='ltr'><strong>plostrum</strong></span> <span class='ocrx_word' id='word_1_358' title='bbox 1198 4448 1214 4485; x_wconf 88' lang='lat' dir='ltr'><strong>o</strong></span> 
     </span>
    </p>
   </div>
   <div class='ocr_carea' id='block_1_7' title="bbox 0 0 1514 5026">
    <p class='ocr_par' dir='ltr' id='par_1_10' title="bbox 0 0 1514 5026">
     <span class='ocr_line' id='line_1_41' title="bbox 0 0 1514 5026; baseline 0 0"><span class='ocrx_word' id='word_1_359' title='bbox 0 0 1514 5026; x_wconf 95' lang='lat' dir='ltr'><strong> </strong></span> 
     </span>
    </p>
   </div>
  </div>
 </body>
</html>
