3000 5026
406 246 534 300 RERVM
553 245 786 301 Rvsmcouvm
805 246 873 324 [ΑΒ.
891 246 904 299 Ι
923 241 1045 298 45-48
1241 245 1304 310 185

153 411 273 473 culmus
301 413 407 474 extulit
436 415 562 493 spicam,
592 432 639 493 ca,
671 432 746 492 quac
770 414 904 474 mutilata
927 432 986 474 non
1010 420 1056 474 ost
1079 415 1110 474 in
1135 412 1247 473 hordeo
1276 420 1305 472 et

152 519 266 599 tritico,
289 520 346 580 tria
369 519 459 580 habet
482 521 674 600 continentia,
698 537 832 601 granum,
856 521 994 602 glumam,
1017 521 1138 580 aristam
1158 527 1188 580 et
1207 521 1305 601 etiam,

152 626 298 702 primitus
325 627 408 705 spica
435 645 503 687 cum
531 628 642 708 oritur,
669 629 811 705 vaginam.
858 645 983 705 granum
1012 626 1125 688 dictum
1153 626 1232 706 quod
1259 633 1305 686 est

153 730 293 792 intimum
321 732 453 814 soldum,
483 733 581 812 gluma
609 735 661 812 qui
690 742 736 793 est
763 733 912 795 folliculus
942 735 1020 815 eius;
1048 735 1139 794 arista
1168 751 1242 811 quae
1270 741 1305 794 ut

119 843 228 898 5acus
259 841 359 900 tenuis
392 840 478 918 longa
511 841 622 900 eminet
650 858 665 899 e
694 839 805 921 gluma,
838 841 962 919 proinde
991 848 1025 900 ut
1053 842 1137 919 grani
1164 857 1238 918 apex
1266 841 1305 900 sit

151 943 253 1020 gluma
280 954 312 1007 ct
339 949 437 1008 arista.
484 948 574 1008 arista
602 954 631 1006 et
659 965 784 1024 granum
812 948 950 1009 omnibus
974 948 1035 1007 lere
1059 954 1175 1029 uotum,
1202 946 1329 1024 gluma2

153 1055 269 1126 paucis.
319 1055 418 1132 itaque
452 1054 482 1114 id
515 1053 593 1133 apud
621 1053 750 1114 Ennium
785 1055 879 1114 solum
913 1057 1058 1134 scriptum
1089 1055 1151 1114 scio
1180 1071 1246 1113 esse
1274 1054 1304 1112 in

153 1152 317 1219 Euhemeri
348 1158 433 1220 libris
466 1161 568 1220 versis
623 1160 741 1222 videtur
774 1159 952 1236 vocabulum,
982 1166 1113 1240 elymum
1145 1159 1255 1220 habere
1288 1179 1304 1219 a

156 1262 319 1347 glubendo,
354 1267 432 1345 quod
467 1286 501 1328 eo
533 1267 661 1328 folliculo
690 1267 859 1346 degluhitur
886 1285 1020 1344 granum.
1073 1269 1173 1346 itaque
1201 1265 1303 1326 eodem

116 1370 142 1408 1⁰
157 1372 298 1434 vocabulo
335 1372 482 1453 appellant
515 1373 564 1433 sici
598 1376 676 1454 eius,
709 1392 798 1452 quam
830 1373 958 1454 edimus,
990 1373 1162 1434 folliculum.
1215 1375 1305 1433 arista

159 1473 243 1559 dicta,
267 1480 346 1558 quod
371 1481 481 1540 arescit
504 1481 607 1558 prima.
654 1498 778 1559 granum
802 1500 818 1541 a
841 1481 985 1559 gerendo:
1009 1481 1039 1541 id
1063 1483 1142 1541 euim
1165 1488 1199 1541 ut
1221 1485 1305 1558 gerat

162 1585 251 1664 spica,
280 1587 392 1647 seritur
415 1587 611 1668 frumentum,
639 1605 698 1646 uon
722 1594 755 1647 ut
778 1586 907 1664 glumam
930 1595 981 1648 aut
1004 1589 1124 1648 aristam
1148 1594 1244 1667 gerat,
1272 1594 1305 1647 ut

166 1689 227 1750 ritis
250 1695 370 1773 seritur,
395 1711 453 1752 noo
477 1700 510 1754 ut
533 1695 704 1772 pampinum
724 1695 808 1776 ierat,
832 1695 884 1755 sed
903 1702 936 1755 ut
956 1713 1050 1755 uvam.
1096 1696 1177 1774 spica
1197 1701 1305 1774 autem,

165 1808 245 1871 quam
273 1802 394 1882 rustici,
427 1807 461 1861 ut
494 1808 674 1879 acceperunt
701 1802 880 1882 antiquitrm,
912 1809 1018 1862 vocant
1046 1819 1175 1882 speram,
1208 1820 1223 1861 a
1252 1818 1304 1879 spe

123 1891 273 1966 ¹⁵videtur
301 1909 463 1968 nominata:
497 1926 561 1967 eam
589 1910 668 1967 enim
696 1907 924 1986 quodspcrant
952 1908 1028 1988 lore,
1057 1916 1169 1968 serunt.
1220 1909 1329 1986 spica3

150 2012 257 2072 mutila
286 2013 409 2096 dicitur,
439 2032 513 2093 quae
541 2032 600 2074 non
628 2013 717 2074 habet
745 2015 878 2075 aristam:
908 2033 942 2074 aa
970 2017 1048 2075 euim
1077 2015 1162 2094 quasi
1190 2031 1302 2073 cornua

136 2126 223 2178 sunt
253 2122 411 2199 spicarum.
458 2140 532 2199 quae
560 2123 699 2200 primitus
726 2139 794 2180 cum
823 2123 961 2182 oriuntur
985 2141 1081 2201 nequo
1104 2118 1190 2200 plane
1215 2138 1300 2199 appa-

119 2215 237 2306 rent,
265 2245 323 2305 qua
352 2226 407 2287 suh
435 2225 528 2288 latent
554 2227 659 2310 herba,
688 2248 721 2288 ca
749 2236 872 2289 vocatur
895 2231 1011 2310 ragina,
1040 2235 1072 2289 ut
1096 2230 1125 2287 in
1150 2245 1208 2306 qua
1232 2226 1302 2286 latet

112 2336 372 2357 55——

228 2421 248 2469 3
268 2432 387 2484 granum
406 2417 511 2471 dictum
530 2417 604 2473 Nor.
619 2435 649 2488 p.
669 2423 735 2485 118,
754 2423 771 2473 3

223 2601 245 2647 1
265 2594 397 2648 mutilata
406 2612 432 2648 ru
447 2594 591 2650 multilata
603 2595 661 2651 PA
675 2595 846 2652 multilocao
860 2595 965 2650 muticc
981 2597 1127 2651 Iracundus
1142 2639 1148 2652 .
1165 2594 1217 2650 ‘Ea
1231 2611 1303 2664 quaa

122 2676 291 2737 utilata
310 2701 366 2738 non
385 2684 429 2738 est
443 2727 449 2739 .
465 2685 557 2739 Aratea
574 2686 627 2751 luc,
649 2685 781 2738 Matisa:
802 2684 1017 2739 Vetustissimrrm
1036 2687 1186 2754 exemplar,
1206 2683 1304 2738 Multi-

124 2763 182 2816 [ἃ
225 2792 241 2824 =
258 2771 319 2826 Vrsa
343 2772 466 2826 detracta
485 2774 566 2825 litera
583 2771 717 2825 Mutilata
735 2772 890 2837 eruendam,
916 2789 998 2840 quam
1016 2774 1148 2827 seriorem
1164 2777 1232 2840 puto
1251 2787 1304 2825 esse

134 2854 307 2929 tioneru,
331 2866 356 2915 ct
380 2877 413 2915 er
429 2860 531 2928 priscis
549 2859 685 2928 uestigiis,
709 2864 734 2912 et
752 2860 936 2913 assentantis
954 2860 1035 2913 etiam
1053 2860 1123 2930 ipsu.
1161 2860 1215 2913 Sed
1232 2862 1304 2915 hauc

137 2954 179 3000 *a
186 2961 254 3016 m,
273 2968 355 3019 quam
371 2966 412 3003 rrae
430 2948 579 3003 restituisse
595 2949 665 3014 dico,
683 2948 715 3001 iri
729 2947 875 3002 Gallicano
893 2949 974 3003 etiam
988 2948 1078 3003 codice
1091 2949 1150 3002 sirie
1162 2949 1219 3002 ullo
1233 2950 1303 3002 uitio

144 3039 264 3092 ‘eni'
285 3039 422 3093 Victorius
472 3038 505 3092 ut
518 3035 547 3090 in
557 3036 662 3091 hordeo
678 3036 813 3092 Gesnerua
863 3034 1096 3090 sconunentiom
1107 3036 1142 3105 A,
1156 3038 1203 3091 sed
1216 3055 1244 3090 m
1258 3054 1303 3091 ex-

149 3130 288 3181 netum
303 3127 344 3180 Α2
399 3125 544 3180 4soldum
560 3124 649 3180 PAB
669 3124 820 3180 solidumv
875 3125 971 3193 gluma
985 3125 1034 3193 qui
1049 3125 1092 3178 est
1107 3127 1165 3180 Art
1178 3126 1303 3195 glumam

154 3200 163 3254 ἱ
213 3217 273 3270 est
295 3216 351 3271 VB
423 3214 554 3268 folioulua
573 3213 601 3268 A
673 3214 793 3285 slonge
818 3213 923 3268 eminet
939 3213 1051 3269 Nonius
1065 3231 1095 3283 p.
1115 3220 1215 3282 nas
1288 3221 1304 3270 8

161 3304 300 3359 1e1neri
318 3302 399 3358 libris
418 3304 505 3358 uersis
522 3305 580 3358 PB
600 3303 754 3358 euhemeris
772 3302 853 3357 libris
873 3301 961 3357 uersis
976 3302 1004 3357 A
1018 3303 1204 3374 ephemeridis
1218 3302 1304 3358 uersi-

167 3396 178 3431 ³
216 3407 247 3444 v
319 3392 495 3447 uocabubum
514 3394 541 3446 B
614 3395 738 3460 elymum
759 3393 851 3447 PAB
870 3395 1019 3461 etymono
1091 3390 1258 3446 9fulliculo
1277 3394 1304 3446 A

174 3485 207 3528 ''-
238 3481 366 3536 folliculo
376 3482 418 3536 A2
472 3488 506 3537 10
521 3499 603 3551 quam
620 3481 726 3536 edimus
736 3481 797 3553 AB
811 3498 894 3551 quem
910 3480 1018 3536 edimus
1034 3480 1060 3534 V
1112 3486 1144 3533 11
1159 3496 1305 3549 granuma

208 3697 341 3751 aristam
359 3696 458 3750 VAirn
476 3696 573 3766 gluma
592 3698 641 3750 aut
659 3695 745 3750 arista
758 3696 819 3750 AB
876 3702 908 3749 13
927 3695 1110 3765 pampinnum
1123 3694 1151 3749 A
1206 3694 1255 3750 sed
1274 3695 1306 3748 ut

194 3791 238 3832 [Π
257 3786 318 3839 ΑΒ
338 3785 490 3839 sedunam
511 3785 536 3838 V
605 3786 683 3854 spica
702 3787 796 3839 autem
811 3785 957 3839 Iucmrdus
976 3783 1082 3855 spicam
1102 3784 1196 3838 autam
1216 3782 1305 3837 VAB

200 3868 246 3925 ¹4
271 3875 373 3927 uocant
396 3890 507 3942 specam
531 3874 677 3928 Iracundus
701 3875 804 3928 uocant
826 3871 931 3942 spicam
958 3872 1047 3927 VAB
1061 3913 1067 3924 .
1083 3871 1114 3924 c'.
1139 3866 1251 3939 speram
1274 3872 1306 3924 irs

207 3962 281 4017 Yirc
300 3964 447 4031 adscripsit
466 3964 494 4018 P
564 3969 595 4016 15
615 3961 674 4017 fore
694 3962 789 4017 serunt
807 3978 856 4015 om.
872 3960 899 4015 A
972 3959 1049 4029 spica
1068 3957 1168 4012 mutila
1188 3958 1305 4011 Ursinus

213 4059 229 4098 t
247 4051 353 4106 mutioa
367 4051 423 4106 VB
431 4051 536 4121 spicam
553 4051 684 4119 [uticaA
741 4058 772 4105 16
783 4068 817 4106 ea
831 4046 904 4104 enim
918 4047 1007 4103 VAB
1017 4062 1067 4101 cae
1078 4045 1153 4100 enim
1168 4046 1306 4100 Victorius

221 4175 245 4224 7
264 4154 389 4231 011ιῖ111111
399 4178 427 4231 A
473 4177 556 4245 plane
571 4176 659 4232 VAB
673 4177 755 4246 plene
766 4176 837 4230 A’m
884 4180 916 4229 18
931 4189 986 4241 qua
1001 4172 1052 4226 sub
1067 4172 1158 4226 latent
1171 4170 1306 4227 Gesrmrrs

228 4265 378 4320 sublatens
397 4266 487 4320 PAB
506 4283 562 4333 qua
580 4265 704 4320 sublatet
723 4283 739 4319 o
811 4266 843 4318 ut
861 4263 890 4317 in
909 4279 966 4331 qua
983 4261 1055 4317 latet
1074 4260 1131 4316 VB
1151 4263 1182 4316 ut
1196 4302 1203 4316 .
1218 4302 1225 4315 .
1239 4258 1308 4330 iqua

234 4353 376 4410 tduobus
396 4357 494 4409 litteris
507 4359 571 4424 post
589 4356 623 4409 ut
640 4356 732 4410 deletis
751 4355 778 4408 A
796 4353 838 4407 uli
856 4369 911 4421 qua
929 4353 1001 4407 latet
1018 4368 1045 4406 m
