3000 5026
163 312 206 375 68
655 299 809 367 Cauniis

163 478 261 555 facito⁷
284 480 315 537 in
339 496 389 537 ras
411 478 556 537 aheneum
579 478 673 537 indito
696 481 819 555 congios
836 493 870 536 ιι.
893 487 995 555 postea
1019 478 1081 554 igni
1094 475 1155 534 leni
1178 478 1311 554 coquito,

164 584 298 645 rudicula
322 587 432 663 agitato
455 584 561 644 crebro
584 585 786 664 usqueadeo,
810 585 881 645 dum
905 585 955 643 liat
979 594 1038 642 tam
1061 602 1197 643 crassum
1220 602 1311 662 quam

165 690 231 751 mel.
268 701 370 769 postea
394 693 504 751 sumito
528 690 683 750 bituminis
711 693 878 750 tertiarium
893 701 936 762 ,et
959 689 1094 768 sulpuris'
1112 688 1310 769 'quartarium

126 799 312 858 iconteriio
340 800 371 858 iu
399 800 542 857 mortario
570 817 705 858 seorsum
732 808 903 876 utrumque.
943 806 1045 875 postea
1073 798 1194 857 initiato
1222 817 1312 877 quam

165 907 363 965 minutissime
396 907 426 964 in
451 924 602 965 amurcam
634 905 747 965 caldam
780 913 808 964 el
837 903 926 964 simul
959 903 1094 963 rudicula
1127 907 1254 966 misceto
1282 914 1338 966 ets

71 1073 81 1092 ‚
165 1011 263 1071 denno
286 1014 408 1090 coquito
427 1010 484 1070 sub
503 1011 552 1071 dio
571 1012 662 1072 caelo.
700 1031 767 1071 nam
791 1014 817 1070 si
840 1013 871 1071 in
895 1021 975 1071 tecto
998 1031 1119 1090 coquas,
1141 1031 1213 1071 cum
1235 1011 1313 1072 bilu-

165 1136 232 1177 rnen
256 1128 284 1177 et
309 1117 414 1197 sulpur
436 1119 570 1178 additum
597 1128 658 1198 est,
686 1118 889 1179 excandescet.
930 1117 983 1177 ubi
1011 1121 1070 1178 erit
1093 1128 1152 1178 tam
1176 1138 1312 1180 crassum

165 1243 254 1303 quam
278 1227 406 1303 viseum,
435 1227 525 1285 sinito
548 1226 695 1303 frigescat.
738 1225 794 1285 boc
823 1227 913 1284 ritem
936 1226 1051 1284 circum
1078 1235 1169 1303 caput
1196 1234 1227 1286 et
1255 1225 1313 1286 snb

165 1330 284 1391 brachia
307 1334 446 1409 unguito:
469 1331 660 1391 convolvolus
684 1351 744 1391 non
766 1341 915 1391 nascetur.

7 1442 162 1498 lxxxxii
253 1437 331 1497 Ores
354 1457 391 1497 ne
414 1437 536 1498 scabrae
560 1439 639 1498 bant.
671 1456 821 1499 amurcam
840 1439 970 1517 condito,
993 1458 1098 1517 puram
1122 1438 1199 1498 bene
1214 1440 1312 1519 facito,
1326 1455 1354 1491 Ι

165 1563 271 1623 aquam
299 1549 330 1604 io
353 1563 416 1619 qua
439 1543 560 1622 lupinus
583 1543 743 1604 delerrerit
771 1553 800 1603 et
824 1544 936 1604 faecem
959 1545 996 1603 de
1019 1547 1088 1603 rino
1111 1545 1203 1624 bono,
1233 1547 1313 1605 inter

166 1670 198 1711 se
222 1653 319 1709 omnia
343 1652 525 1711 conmisceto
547 1653 668 1729 pariter¹
704 1661 806 1729 postea
826 1670 895 1710 cum
911 1650 1096 1728 detonderis,
1121 1654 1247 1729 unguito
1270 1662 1311 1712 to

127 1763 224 1834 itas,
247 1759 336 1816 sinito
359 1756 483 1817 biduum
507 1767 558 1818 aut
573 1758 704 1817 triduum
719 1758 893 1817 consudent.
931 1758 1039 1817 deinde
1056 1757 1145 1818 larito
1169 1760 1200 1817 in
1224 1760 1312 1818 mari:

165 1866 191 1922 si
210 1882 317 1942 aquam
330 1866 474 1923 marinam
488 1882 547 1923 non
563 1863 694 1943 babebis,
718 1864 806 1924 facito
824 1883 931 1943 aquam
954 1864 1069 1942 salsam,
1093 1883 1126 1923 ca
1151 1864 1250 1924 larito.
1287 1867 1312 1924 si

166 1970 238 2030 baec
263 1973 306 2030 sic
335 1972 455 2050 leceris,
483 1989 580 2049 neque
609 1970 731 2030 scabrae
760 1972 831 2030 lient
854 1964 885 2030 el
907 1971 990 2030 lanae
1012 1970 1081 2048 plus
1104 1980 1134 2030 et
1157 1971 1311 2031 meliorem
1330 1983 1354 2019 1

166 2077 331 2157 habebunt,
359 2087 388 2136 et
412 2079 500 2136 ricini
524 2096 583 2136 non
607 2072 694 2136 erunt
717 2077 842 2137 molesti
884 2077 988 2137 eodem
1012 2079 1042 2136 in
1066 2096 1178 2155 ornnes,
1192 2079 1311 2156 quadri-

167 2185 258 2262 pedes
280 2187 371 2262 utils,
395 2186 420 2243 si
443 2183 565 2243 scabrae
589 2193 685 2244 erunt.

9 2291 177 2349 lxxxxvii
259 2293 385 2350 Amurca
409 2290 530 2349 decocta
554 2310 637 2350 axem
657 2293 781 2367 unguite
796 2300 825 2350 et
840 2290 901 2350 lora
916 2302 944 2351 et
959 2291 1149 2351 calciamenta
1169 2300 1199 2352 ct
1219 2295 1312 2352 coria:

167 2398 263 2455 omnia
287 2395 408 2456 meliora
433 2397 531 2457 iacies.

238 2592 271 2639 10
291 2586 363 2640 Ores
386 2603 421 2640 ne
439 2586 552 2639 scabrae
570 2585 642 2639 fiant
663 2585 781 2654 Geopon.
800 2592 847 2651 18,
865 2591 901 2639 15
930 2585 1030 2642 Colum.
1056 2587 1122 2640 VII
1137 2592 1206 2653 Μ

166 2682 200 2729 18
219 2677 342 2728 Amurca
360 2674 476 2728 decocta
499 2673 572 2729 Ptin.
593 2679 637 2739 15,
656 2677 694 2726 34

239 2860 251 2905 1
273 2852 409 2907 aheneum
430 2852 529 2920 PAcs
542 2869 660 2907 aeneum
678 2854 716 2907 bs
786 2861 802 2907 3
821 2852 976 2907 tertiarium
1000 2852 1042 2905 Vc
1060 2855 1221 2909 terciarium
1240 2857 1318 2924 Abs

237 2942 357 3010 sulpuris
378 2941 437 2995 ΡΑ
460 2942 600 3011 sulphuris
620 2943 660 3008 bs
677 2943 790 2997 sulfuris
808 2960 844 2996 cu
932 2941 1082 2996 ⁴tinfriato
1106 2942 1162 2995 VR
1180 2944 1313 2999 infricatn

166 3033 193 3084 A
283 3033 371 3086 dsub
389 3032 436 3085 dio
455 3033 516 3087 celo
537 3031 629 3085 PAR
655 3033 708 3086 sub
733 3033 814 3086 dicu
904 3029 1035 3098 'lsulpur
1055 3031 1114 3085 ΡΑ
1142 3032 1262 3102 sulphur
1281 3034 1349 3100 bs

167 3121 255 3175 sulfur
273 3138 309 3175 co
398 3121 595 3174 execandescet
613 3120 639 3171 A
726 3121 785 3171 tam
803 3136 935 3188 superscr.
955 3123 982 3171 A
1068 3121 1208 3174 Scircum
1228 3125 1316 3191 caput

168 3261 228 3314 AR
240 3262 321 3329 Vici,
350 3262 402 3316 sub
427 3265 513 3331 caput
537 3262 560 3314 V
653 3260 835 3330 ticonluolus
854 3262 880 3313 A
970 3279 1025 3315 uon
1042 3211 1180 3317 lilllslgllllnr
1196 3264 1224 3316 A
1258 3281 1315 3318 non

168 3353 298 3404 nascetur
320 3350 363 3404 Vc
390 3368 445 3405 non
460 3350 577 3403 nocebit
595 3349 636 3414 bf.
679 3348 878 3402 ‘Conuoluolus
900 3366 955 3402 nou
974 3351 1108 3404 nascebit.
1153 3351 1237 3404 Nihil
1255 3353 1314 3406 dis

167 3445 281 3507 crepunt
298 3440 343 3493 hic
359 3456 446 3494 mauu
463 3438 560 3505 scripti
578 3438 681 3491 codices
694 3438 729 3491 ab
743 3438 861 3490 secusia:
880 3439 937 3490 uisi
950 3441 1022 3506 quod
1034 3441 1067 3492 iu
1079 3441 1203 3510 marpiue
1216 3443 1316 3508 optimi

168 3530 330 3597 exemplaris
348 3530 439 3582 eudon
458 3543 557 3591 mauu,
575 3543 630 3594 quo
648 3527 717 3580 liber
734 3533 865 3580 exaratus
882 3532 933 3591 est,
951 3543 1003 3595 pro
1020 3527 1164 3593 It'ascebit,
1182 3529 1315 3598 Nocebit,

167 3619 337 3672 emendatum
355 3615 408 3670 est'
435 3613 580 3667 Victorius.
623 3615 665 3668 ita
687 3632 742 3668 non
765 3615 825 3668 iore
843 3616 1041 3669 conuolnolum
1060 3616 1172 3670 Plinius
1191 3623 1237 3682 17,
1256 3623 1316 3672 264

242 3704 392 3760 101t‚CV
419 3704 491 3758 Oues
509 3721 543 3758 ne
562 3701 639 3758 sabis
657 3704 727 3757 fiant
745 3704 771 3757 A
804 3703 878 3758 Oues
901 3721 936 3757 ne
956 3705 1070 3757 scabrae
1088 3705 1158 3758 fiunt
1182 3705 1208 3757 Γ
1238 3707 1316 3762 Oues

170 3812 202 3848 uc
222 3793 422 3848 scabrefiantb
493 3795 607 3847 scabrae
627 3792 672 3848 Vb
692 3792 800 3846 scrabie
814 3809 882 3845 corr.
903 3793 999 3847 scabre
1012 3793 1041 3845 A
1059 3792 1181 3847 scabiec
1200 3797 1320 3850 scrabre

167 3885 186 3948 s
272 3890 303 3936 11
330 3899 432 3951 aquam
455 3882 567 3951 lupinus
585 3881 700 3950 (lupinis
719 3883 743 3949 c)
767 3881 903 3935 defruerit
922 3882 1013 3934 PAR
1041 3899 1143 3949 aquam
1167 3883 1195 3935 in
1215 3884 1325 3953 lupino

168 3969 321 4026 deseruerit
338 3989 355 4024 v
372 3989 473 4040 aquam
493 3969 542 4024 ubi
561 3971 672 4039 lupinus
692 3968 862 4024 deferbuerit
880 3971 1027 4024 Iucundos
1109 3976 1141 4022 12
1161 3972 1324 4028 cumisceto

167 4061 194 4113 A
214 4061 392 4116 commisceto
416 4060 473 4115 VR
562 4059 638 4128 cnm]
657 4075 710 4112 con
729 4057 756 4110 A
847 4064 880 4111 14
898 4057 985 4112 facito
1004 4059 1064 4111 AR
1088 4059 1174 4114 facies
1199 4062 1226 4114 V

169 4157 202 4204 15
222 4151 316 4223 scabip
336 4152 436 4203 flente
527 4155 559 4202 16
579 4146 670 4201 Ricini
689 4149 720 4199 in
737 4164 823 4217 uturp.
843 4148 990 4215 adscripsit
1010 4147 1038 4198 P
1126 4150 1318 4221 quadripedes

170 4239 262 4290 PAR
281 4238 476 4306 quadrupedes
494 4255 511 4291 o
583 4237 655 4290 utito
673 4237 722 4290 boc
741 4237 797 4289 loco
821 4236 909 4288 VAR

241 4331 273 4378 18
293 4327 325 4378 R.
346 4326 405 4380 CVI
432 4328 553 4379 Amores
576 4342 654 4378 axem
680 4321 797 4391 unguito
815 4324 842 4376 A
871 4326 991 4379 Amurca
1017 4342 1096 4379 axem
1120 4328 1239 4396 unguito
1266 4333 1312 4386 Ph

167 4411 304 4468 Amurcae
324 4416 495 4483 unguentum
514 4431 530 4466 a
