3000 5026
172 340 216 404 36
665 340 820 397 CATONIS

172 525 297 586 ganeum
327 507 404 586 quod
432 509 560 586 operarii
588 507 702 588 bibant,
733 508 785 568 ubi
813 516 930 587 tempus
958 509 1029 588 erit,
1058 506 1157 586 legito.
1200 511 1318 570 siccum

172 617 292 693 puriter.
315 617 446 674 omnium
474 616 589 675 dierum
617 617 729 694 pariter
755 617 785 675 in
815 616 890 676 dolia
919 616 1050 675 dividite.
1092 617 1118 675 si
1148 634 1225 693 opus
1249 619 1319 698 erit,

171 722 321 781 defrutum
346 721 439 782 indito
462 724 493 782 in
517 723 708 789 mustumde
727 730 827 782 musto
844 722 932 782 lixivo
952 729 1079 803 coctum,
1102 730 1219 800 partem
1243 743 1318 802 qua-

132 829 151 885 3
171 828 365 905 dragesimam
388 829 487 889 addito
512 829 622 889 defruti
645 829 690 889 vel
710 828 779 889 salis
795 828 1002 908 sesquilibram
1016 830 1048 888 in
1062 827 1199 890 culleum.
1237 849 1318 890 mar-

171 954 235 994 mor
254 938 280 996 si
299 936 391 1016 indes,
411 938 440 995 in
461 936 589 997 culleum
604 937 708 997 libram
724 937 831 998 indito:
854 938 882 996 id
898 936 992 998 indito
1007 938 1038 996 in
1054 955 1167 1016 urnam,
1188 939 1318 998 misceto

170 1061 238 1102 cum
261 1051 373 1103 musto:
405 1044 434 1103 id
459 1044 553 1104 indito
577 1046 607 1104 in
631 1044 751 1105 dolium.
792 1046 921 1104 resinam
951 1046 978 1104 si
999 1044 1097 1125 indes,
1128 1046 1159 1104 in
1182 1043 1320 1105 culleum

169 1151 261 1209 musti
283 1165 313 1209 Ρ.
333 1165 388 1230 111,
416 1149 491 1210 bene
520 1153 717 1232 comminuite,
747 1152 840 1211 indito
869 1153 899 1211 iu
927 1150 1067 1217 fiscellam
1096 1158 1126 1211 et
1154 1152 1245 1212 facito
1271 1155 1323 1212 uti

169 1257 199 1316 in
223 1255 302 1317 dolio
326 1258 418 1317 musti
439 1257 579 1335 pendeat:
603 1275 668 1317 eam
691 1265 830 1336 quassato
854 1256 973 1338 crebro,
998 1258 1042 1317 uti
1060 1258 1158 1317 resina
1183 1260 1322 1321 coudeli-

129 1362 149 1417 4
169 1371 299 1441 quesoat.
336 1366 390 1424 nbi
402 1362 545 1423 indideris
565 1363 715 1424 defrutum
739 1371 789 1423 aut
812 1377 941 1424 marmor
955 1371 1006 1424 aut
1020 1365 1163 1442 resinam,
1187 1365 1254 1426 dies
1270 1382 1324 1428 xx

168 1471 347 1545 permisceto
362 1469 482 1551 crebro,
505 1469 646 1531 tribulato
662 1471 778 1532 cotidie.
816 1473 956 1531 tortivum
971 1477 1103 1531 mustum
1118 1473 1322 1535 circumcide·
1346 1486 1354 1522 1

168 1595 257 1638 neum
282 1597 335 1638 suo
359 1580 467 1657 cuique
491 1577 569 1638 dolio
592 1577 714 1638 diridito
738 1577 896 1656 additoque
919 1579 1040 1655 pariter.

49 1678 148 1734 XXllll
258 1682 363 1744 Vinum
391 1704 530 1763 graecum
558 1685 614 1745 hoc
642 1684 728 1745 modo
756 1686 821 1744 fieri
850 1692 974 1763 oportet.
1016 1701 1088 1743 uvas
1112 1686 1223 1762 apicias
1248 1705 1320 1765 per-

169 1797 267 1849 coctas
295 1790 370 1851 bene
395 1791 493 1868 legito.
535 1791 586 1851 uhi
610 1789 770 1873 delegeris,
798 1793 828 1850 in
853 1793 918 1850 eius
941 1792 1032 1851 musti
1060 1791 1192 1851 culleum
1219 1811 1318 1872 aquae

168 1899 298 1958 marinae
322 1900 431 1959 veteris
447 1912 478 1972 Q.
493 1914 520 1959 11
545 1901 640 1959 indito
664 1897 709 1958 vel
733 1897 802 1968 salis
821 1900 887 1976 puri
904 1898 1048 1959 modium:
1072 1900 1186 1958 eumin
1203 1899 1315 1960 fiscella

168 2005 341 2084 suspendite
370 2007 518 2084 sinitoque
547 2024 615 2065 curn
638 2012 736 2064 musto
760 2004 946 2065 distabescat.
988 2006 1014 2064 si
1037 2003 1186 2065 helvolum
1211 2009 1354 2067 vinumrs

168 2113 264 2201 ἧψε
288 2112 377 2197 voles,
401 2113 556 2186 dimidium
580 2111 696 2192 belvoli,
719 2111 872 2171 dimidium
896 2112 973 2189 apici
994 2113 1054 2170 vini
1072 2112 1176 2192 indito,
1201 2113 1310 2175 defruti

167 2221 275 2279 veteris
300 2227 414 2297 partem
438 2221 618 2279 tricesimam
642 2218 748 2300 addito.
786 2217 931 2297 quidquid
954 2219 1016 2277 vini
1039 2217 1217 2300 denudabis,
1246 2238 1308 2298 par-

167 2333 228 2386 tem
250 2327 431 2386 tricesimam
455 2325 566 2386 defruti
588 2324 697 2385 addito.

238 2532 298 2586 isi
317 2547 385 2600 opus
404 2531 464 2601 erit,
484 2531 624 2587 defrutum
642 2529 732 2585 indito
753 2531 829 2584 Ptin.
849 2535 968 2597 14,129
1053 2536 1086 2585 12
1105 2531 1212 2586 Vinum
1230 2549 1307 2602 grae·

166 2638 229 2675 cum
247 2639 269 2677 c.
284 2625 340 2675 105

238 2808 251 2854 1
268 2799 378 2870 operari
392 2800 419 2853 A
434 2816 502 2855 corr.
518 2799 639 2870 operarii
648 2799 690 2853 A²
760 2799 898 2854 idiemm
913 2798 969 2853 VR
983 2798 1118 2854 derumA
1190 2799 1308 2854 diuidilo

171 2890 227 2945 VR
245 2889 335 2945 diuiio
354 2889 381 2942 A
471 2895 487 2942 3
506 2889 541 2944 de
559 2891 652 2943 musto
670 2886 758 2943 lixiuo
776 2890 886 2943 coctum
904 2887 993 2941 PAR
1019 2887 1118 2942 cineris
1137 2887 1218 2943 lixiui
1237 2889 1308 2943 coeti

163 2997 195 3035 o:
214 2981 250 3049 cs.
271 2981 348 3034 Ptin.
366 2982 410 3044 14,
428 2982 486 3033 129
569 2982 592 3043 ,4
611 2976 715 3032 defruti
732 2994 748 3031 e
768 2977 862 3031 defriti
882 2976 974 3030 PAR
1064 2976 1262 3045 sesquilibram
1280 2978 1308 3032 in

128 3115 135 3130 .
164 3071 286 3124 culleum
306 3069 352 3123 Pb
372 3067 582 3137 scesquilibrem
602 3065 811 3135 (sexquilibrem
828 3067 853 3135 c)
872 3066 902 3118 in
920 3064 1030 3119 culeum
1049 3064 1097 3119 Ac
1111 3066 1309 3134 sesquilibram

164 3159 193 3212 in
211 3158 322 3213 culeum
339 3157 374 3225 se
482 3155 596 3209 bindes
615 3154 643 3207 in
663 3153 784 3207 culleum
804 3152 892 3207 PAR
910 3153 989 3207 indes
1012 3153 1041 3207 iu
1061 3153 1201 3208 culeumo

165 3289 181 3336 6
200 3300 263 3338 cum
281 3281 386 3352 musto]
407 3286 439 3336 co
459 3280 551 3334 musio
570 3279 597 3331 A
669 3277 774 3332 dolium
793 3295 809 3331 v
828 3277 941 3332 duleum
962 3278 1064 3347 PAcs
1078 3243 1225 3333 doldumb

164 3371 285 3426 culleum
304 3371 390 3425 musii
406 3369 453 3424 Pb
472 3368 583 3422 culeum
602 3367 686 3421 musii
700 3367 785 3433 Acfo
811 3425 814 3430 ,
857 3374 872 3421 7
893 3365 1045 3421 comiuuito
1062 3365 1110 3434 Pf
1123 3367 1308 3435 comminuite

163 3460 190 3512 A
210 3459 381 3515 comminuto
401 3459 436 3513 bc
454 3455 632 3511 comuniter>
709 3460 725 3509 8
745 3455 821 3510 dolio
840 3456 876 3509 bv
895 3455 976 3509 doleo
995 3454 1094 3521 PAcf
1159 3456 1268 3524 pendat
1281 3455 1309 3509 A

207 3548 300 3604 resina
318 3553 352 3602 csr
371 3550 469 3615 (quum
483 3546 509 3612 b)
524 3544 696 3614 deliquesoei
709 3543 843 3598 indideris
858 3544 903 3598 Pb
910 3544 929 3612 s
942 3543 1035 3598 resina
1053 3561 1117 3598 cum
1131 3544 1309 3613 deliqueseet

163 3637 266 3692 inderis
285 3638 313 3691 A
335 3636 428 3690 resina
452 3653 513 3689 cum
538 3635 712 3704 deliquescat
731 3633 864 3689 indiderit
881 3650 895 3688 c
918 3633 1010 3688 resina
1033 3633 1206 3701 deliquescat
1225 3633 1250 3688 si
1267 3635 1307 3688 iu·

162 3726 236 3780 deris
254 3743 271 3779 o
290 3723 381 3778 resina
399 3722 624 3792 condeliquescab
638 3767 645 3779 .
659 3722 792 3778 indideris
814 3722 951 3779 Victorius

234 3820 267 3869 12
286 3815 319 3868 R.
338 3813 442 3867 XXVII
460 3813 564 3868 Vinum
583 3830 714 3884 graecum
734 3813 872 3882 quomodo
891 3813 942 3866 fiet
955 3812 1033 3866 APb
1051 3811 1155 3866 Vinum
1174 3829 1306 3881 graecum

162 3906 192 3958 et
208 3903 370 3958 helueolum
389 3920 444 3973 quo
463 3903 514 3958 fiat
531 3903 614 3957 modo
633 3919 649 3956 o
740 3908 773 3956 13
793 3902 913 3957 culleum
934 3901 1017 3956 PAb
1037 3901 1146 3956 culeum
1165 3903 1217 3969 cfv

163 3999 195 4048 14
214 3993 304 4049 indito
322 4010 373 4051 om.
396 3992 485 4048 VAR
565 3991 689 4047 modium
715 3991 770 4045 VR
789 3990 945 4046 semodium
964 3991 991 4044 A
1071 3991 1101 4044 in
1119 3991 1228 4046 fiscella
1248 3991 1307 4046 PR

160 4082 190 4137 in
207 4083 315 4139 fiscella
332 4085 381 4137 Ae
473 4087 505 4138 1⁶
529 4081 683 4137 heluiolum
703 4079 784 4148 PAf
806 4079 939 4135 eluiolum
957 4080 993 4133 be
1020 4079 1216 4135 helueolume

160 4277 251 4331 snare>
269 4280 285 4332 a
309 4253 430 4348 amorim
448 4278 539 4334 nureo
557 4279 585 4332 A
608 4276 692 4346 apicii
710 4275 799 4330 inum
824 4276 850 4328 V
870 4275 955 4345 apicii
973 4276 1032 4330 um
1049 4275 1139 4330 snare
1164 4277 1303 4332 moereo

243 4372 275 4420 17
295 4366 431 4437 quidquid
451 4367 510 4421 PA
529 4366 662 4436 quicquid
680 4366 728 4419 Ro
810 4364 964 4420 defrulubis
988 4365 1116 4434 Ursinus,
1136 4365 1300 4420 defrudebis

109 4530 111 4535 .
167 4454 267 4523 l'Abf
280 4457 442 4512 dessudabis
461 4471 486 4511 c.
