3000 5026
171 313 215 376 40
655 312 815 370 CATONIS

172 489 259 540 rento
282 489 394 540 austro.
435 487 499 540 tum
526 482 584 540 erit
608 482 795 559 tempestiva,
822 498 890 539 cum
918 498 1020 540 semen
1048 466 1138 540 suum
1167 490 1325 542 maturum

171 590 238 668 erit,
261 596 422 666 cavetoque
446 605 500 665 per
525 605 622 647 rorem
642 586 746 646 trabas.
759 595 811 645 aut
828 585 918 646 doles.
956 605 1031 665 quae
1056 589 1197 648 materies
1216 608 1324 649 samen

171 713 230 754 non
255 692 383 772 babebit,
408 712 476 753 cum
500 693 647 772 glubebit,
672 695 844 771 tempestiva
868 695 933 753 erit.
977 701 1065 753 rento
1088 701 1191 754 austro
1216 703 1324 756 caveto

172 818 300 879 nequam
324 803 478 860 materiem
502 819 576 860 nere
599 801 700 859 vinum
725 807 834 859 tractes
857 801 915 859 nisi
938 801 1116 860 necessario.

55 923 153 980 χχχιι
262 906 367 966 Vincas
382 908 565 986 arboresque
579 913 694 966 mature
709 907 773 965 lace
792 908 916 986 incipias
930 913 1044 984 putare.
1082 909 1157 966 vites
1171 926 1325 988 propagas
1342 931 1354 970 s

172 1014 285 1074 sulcos:
309 1033 412 1075 susum
437 1033 571 1093 vorsum,
599 1013 677 1092 quod
702 1015 767 1072 eius
795 1014 891 1072 lacere
915 1015 1040 1092 poteris,
1068 1015 1137 1074 vitis
1161 1015 1252 1076 facito
1278 1020 1323 1078 uti

172 1122 272 1182 ducas.
314 1121 437 1181 arbores
460 1122 516 1182 boc
540 1120 627 1181 modo
655 1126 815 1199 putentur,
839 1121 913 1179 rami
936 1122 981 1179 uli
1003 1119 1221 1203 divaricentur,
1245 1143 1322 1203 quos

174 1229 338 1308 relinques,
361 1237 392 1288 et
415 1230 459 1288 uti
483 1235 564 1287 recte
589 1227 751 1287 caedantur
774 1233 804 1285 ct
827 1244 864 1285 ne
888 1227 1011 1286 nimium
1031 1227 1130 1288 crebri
1149 1228 1320 1309 relinquan-

135 1345 152 1399 2
174 1343 232 1395 tur.
275 1337 349 1395 vites
373 1334 449 1394 bene
473 1333 634 1393 nodantur:
658 1351 713 1410 per
736 1350 839 1392 omnes
862 1349 959 1391 ramos
978 1331 1136 1410 diligenter
1155 1343 1260 1397 caveto
1285 1356 1319 1397 nc

173 1443 262 1501 vitem
287 1442 465 1519 praecipites
493 1448 523 1499 et
551 1458 588 1498 ne
612 1440 737 1499 nimium
760 1441 968 1517 praestringas.
1011 1439 1133 1500 arbores
1163 1443 1252 1504 tacito
1277 1448 1318 1506 uti
1331 1458 1365 1499 u·

173 1547 250 1609 bene
274 1550 396 1608 maritae
421 1549 480 1606 sint
505 1548 639 1625 vitesque
663 1547 707 1605 nti
731 1546 802 1605 satis
826 1544 935 1604 multae
960 1544 1136 1606 adserantur
1160 1557 1199 1629 et,
1224 1552 1319 1613 sicubi

173 1674 249 1734 opus
273 1657 343 1736 erit,
374 1652 540 1714 denubere
565 1652 744 1731 deiciantur,
773 1653 817 1711 nti
845 1653 874 1710 in
904 1660 1014 1711 terram
1042 1652 1264 1740 deprimantur,
1292 1667 1319 1720 et

174 1763 294 1823 biennio
318 1770 386 1842 post
409 1760 572 1841 praecidite
596 1767 720 1818 veteres.

43 1872 155 1930 XXXIll
189 1934 192 1938 ,
265 1869 385 1930 Vineam
409 1871 452 1928 sic
476 1868 564 1927 facito
588 1868 632 1926 uti
655 1874 787 1926 curetur.
829 1867 918 1925 ritem
938 1865 1012 1925 benc
1033 1866 1170 1928 nodatam
1194 1870 1320 1952 deligato

175 1982 271 2055 recte,
294 1976 424 2035 llernosa
449 1975 493 2033 uti
521 1991 558 2032 ne
589 1974 641 2050 sit,
674 1991 778 2032 susum
802 1990 921 2031 vorsum
950 1991 1068 2052 semper
1097 1974 1213 2056 ducito,
1242 1979 1319 2057 qnod
1334 1990 1356 2034 u

175 2085 240 2142 eius
265 2084 385 2159 poteris
414 2081 543 2141 vinarios
567 2078 766 2157 custodesque
790 2086 871 2138 recte
895 2078 1064 2159 relinquito.
1102 2101 1191 2161 quam
1215 2085 1320 2147 altissi-

175 2207 252 2248 mam
273 2191 386 2248 rineam
411 2188 499 2246 lacito
523 2185 699 2264 alligatoque
723 2192 818 2264 recte,
842 2183 964 2245 dumne
980 2189 1104 2248 nimium
1124 2193 1321 2272 constringas.

176 2297 232 2356 boc
256 2294 343 2354 modo
372 2311 435 2352 eam
465 2298 577 2353 curato.
619 2293 714 2369 capita
738 2294 841 2351 vitium
870 2311 924 2370 per
953 2296 1108 2355 sementim
1125 2297 1321 2378 ablaqueato.

138 2403 292 2461 brincam
310 2407 442 2486 putatam
466 2398 682 2477 circumfodio,
706 2416 789 2458 arare
813 2400 945 2479 incipito,
969 2400 1049 2461 ultro
1068 2405 1203 2483 citroque
1223 2406 1323 2468 sulcos

176 2514 338 2587 perpetuos
370 2506 481 2566 ducito.
531 2507 606 2565 vites
641 2513 759 2565 teneras
788 2525 875 2584 quam
907 2509 1037 2586 primum
1068 2518 1245 2593 propagato,
1279 2515 1321 2576 sic
1335 2528 1358 2566 ²0

121 2694 124 2701 ’
149 2699 151 2703 ’
250 2719 264 2765 1
283 2714 344 2766 tum
363 2711 418 2765 erit
435 2711 603 2780 tempestiva
621 2728 643 2766 c.
662 2715 699 2766 17
773 2717 908 2780 loquum
927 2712 1092 2769 altissimam
1112 2717 1223 2797 vineam
1245 2721 1320 2776 Plio.

176 2805 358 2871 17,195sqq.
893 2813 897 2824 ’

177 2914 389 2921 -—-———---—-

247 2988 333 3050 2per
350 2997 441 3034 rorem
459 2996 475 3033 o
494 2983 519 3032 et
536 2979 658 3045 Plinius,
675 2995 802 3050 perorem
822 2980 848 3033 A
867 2996 918 3049 por
935 2996 1057 3036 errorem
1078 2983 1137 3038 PR
1226 2989 1323 3044 trahas

182 3070 238 3124 VR
257 3070 332 3124 traca
350 3068 378 3122 A
464 3085 539 3138 quae
559 3069 690 3122 materies
709 3085 804 3122 semen
823 3068 882 3121 AR
900 3086 972 3138 quas
991 3087 1085 3126 semen
1110 3073 1135 3125 V
1223 3083 1240 3129 3
1260 3094 1323 3132 cum

177 3175 317 3245 glubebit]
337 3192 400 3229 cum
419 3175 503 3244 glnbe
525 3174 616 3227 PAR
634 3191 698 3227 cum
717 3174 848 3242 glubetv
916 3175 1057 3245 tepestiua
1075 3179 1121 3245 A,
1156 3176 1277 3239 ttrdtes
1297 3186 1323 3239 A

224 3269 265 3347 ιὅ
284 3262 316 3316 R.
336 3263 438 3316 XXXV
457 3261 551 3316 Alinie
571 3260 740 3329 arboresque
759 3263 798 3316 ut
809 3264 916 3318 matura
935 3266 1069 3334 putentur
1087 3269 1114 3320 A
1133 3268 1222 3342 Vineq
1241 3273 1323 3328 arbo·

178 3367 276 3420 resque
298 3353 331 3405 ut
353 3351 479 3406 maturae
504 3350 624 3417 (mature
643 3349 670 3417 b)
693 3351 825 3418 putentur
851 3351 899 3406 Pb
923 3353 972 3407 Uti
995 3355 1121 3411 maturae
1140 3358 1254 3414 arbores
1272 3379 1323 3430 pu·

177 3440 305 3494 tenturo
395 3440 503 3493 mature
523 3438 570 3491 Ab
594 3438 722 3494 maturae
745 3439 771 3492 V
791 3443 935 3515 maturqc
1023 3462 1161 3516 propnges
1180 3447 1210 3501 in
1229 3450 1323 3506 sulcos

177 3530 322 3586 Iucundos
409 3526 511 3597 lboc]
530 3525 585 3580 huc
603 3542 671 3583 corr.
691 3528 745 3582 boc
763 3529 791 3583 A
872 3531 1061 3598 unoqdentur
1079 3534 1107 3588 A
1189 3543 1222 3591 10
1242 3556 1323 3608 prae·

179 3618 300 3689 stringas
314 3617 364 3671 Ab
384 3613 556 3685 perstringas
575 3614 643 3682 ch.
664 3618 855 3687 praestringas
874 3636 907 3672 ec
926 3619 955 3672 P
971 3621 1114 3677 adnotavit
1133 3625 1270 3681 domes

180 3713 210 3761 11
231 3706 305 3761 uites
323 3703 351 3757 A
373 3720 441 3757 corr.
463 3700 591 3772 nitetque
610 3703 651 3756 Al
742 3710 774 3758 12
794 3706 950 3760 deiciantur
968 3708 1025 3763 PR
1048 3709 1205 3766 deiciuntur
1225 3705 1251 3768 A
1275 3717 1322 3770 da-

177 3794 342 3848 iicianturv
417 3797 449 3846 13
467 3791 580 3847 biennio
598 3793 748 3848 incasura
766 3794 807 3846 Α2

251 3887 284 3935 14
302 3883 335 3936 R.
355 3879 470 3935 XXXVI
495 3878 579 3935 Vinia
596 3884 629 3936 ut
647 3883 777 3936 curentur
795 3884 822 3936 A
845 3883 930 3938 Vinia
947 3886 980 3939 ut
999 3889 1110 3943 curetur
1130 3889 1158 3943 P
1181 3891 1273 3948 Vinea
1290 3896 1324 3948 ut

179 3973 320 4026 cureturb
340 3971 431 4027 Vinea
449 3971 589 4039 quomodo
608 3971 719 4025 curatur
737 3973 766 4025 et
784 3973 865 4026 uetus
883 3977 1032 4029 renouetur
1050 3994 1066 4031 o
1140 3978 1259 4034 Vineam
1273 3983 1322 4037 Ao

177 4059 289 4116 viniam
310 4062 358 4129 Pf
372 4062 462 4117 Vinea
480 4063 496 4116 b
514 4059 633 4116 Viniac
712 4064 823 4116 curetur
847 4063 908 4117 Vtr
922 4066 1051 4119 curentur
1069 4070 1097 4121 A
1176 4075 1211 4124 15
1230 4088 1266 4125 ne
1286 4073 1324 4127 sit

183 4150 285 4219 VAof
298 4151 421 4207 nescite
500 4167 612 4205 norsum
638 4150 664 4203 V
678 4168 790 4204 uersum
808 4152 869 4207 AR
950 4170 1029 4223 saper
1047 4155 1074 4208 A
1156 4165 1188 4213 17
1207 4160 1321 4216 uincam

178 4238 226 4292 Ro
245 4238 351 4292 niniam
372 4238 430 4292 PA
522 4244 555 4293 19
573 4239 685 4294 uincam
703 4241 831 4309 putatam
850 4242 910 4294 AR
938 4243 1048 4299 uincam
1067 4247 1195 4314 puratum
1221 4249 1253 4317 V,
1273 4253 1323 4306 ubi

180 4327 308 4394 putatam
327 4327 482 4382 coniectum
501 4329 617 4382 correxit
633 4327 791 4384 Politianus
862 4331 1056 4388 circumfodito
1070 4337 1117 4388 Ac
1134 4335 1322 4395 circunfodito

187 4412 230 4470 Vb
303 4410 414 4486 citoque
433 4415 461 4471 A
533 4422 567 4473 20
586 4418 696 4472 teneras
720 4416 777 4474 VR
795 4420 906 4474 terenas
924 4419 952 4476 A
971 4438 1040 4479 corr.
1058 4423 1183 4479 terrenas
1201 4425 1243 4480 A²
