<?xml version="1.0" encoding="UTF-8"?>
<!DOCTYPE html PUBLIC "-//W3C//DTD XHTML 1.0 Transitional//EN"
    "http://www.w3.org/TR/xhtml1/DTD/xhtml1-transitional.dtd">
<html xmlns="http://www.w3.org/1999/xhtml" xml:lang="en" lang="en">
 <head>
  <title>
</title>
<meta http-equiv="Content-Type" content="text/html;charset=utf-8" />
  <meta name='ocr-system' content='tesseract 3.04.00' />
  <meta name='ocr-capabilities' content='ocr_page ocr_carea ocr_par ocr_line ocrx_word'/>
</head>
<body>
  <div class='ocr_page' id='page_1' title='image "./mporcicatonisde01keilgoog_0089.png"; bbox 0 0 3000 5026; ppageno 0'>
   <div class='ocr_carea' id='block_1_1' title="bbox 188 326 839 392">
    <p class='ocr_par' dir='ltr' id='par_1_1' title="bbox 188 326 839 392">
     <span class='ocr_line' id='line_1_1' title="bbox 188 326 839 392; baseline -0.015 0"><span class='ocrx_word' id='word_1_1' title='bbox 188 329 231 392; x_wconf 81' lang='grc'><strong>64</strong></span> <span class='ocrx_word' id='word_1_2' title='bbox 683 326 839 383; x_wconf 85' lang='lat' dir='ltr'>CATONIS</span> 
     </span>
    </p>
   </div>
   <div class='ocr_carea' id='block_1_2' title="bbox 33 494 1359 2284">
    <p class='ocr_par' dir='ltr' id='par_1_2' title="bbox 189 494 1334 1001">
     <span class='ocr_line' id='line_1_2' title="bbox 191 494 1333 575; baseline -0.004 -21"><span class='ocrx_word' id='word_1_3' title='bbox 191 495 278 556; x_wconf 89' lang='lat' dir='ltr'><strong>liceto</strong></span> <span class='ocrx_word' id='word_1_4' title='bbox 302 497 430 575; x_wconf 84' lang='lat' dir='ltr'><strong>coicere,</strong></span> <span class='ocrx_word' id='word_1_5' title='bbox 459 501 488 553; x_wconf 95' lang='lat' dir='ltr'><strong>et</strong></span> <span class='ocrx_word' id='word_1_6' title='bbox 512 495 611 554; x_wconf 89' lang='lat' dir='ltr'><strong>vinum</strong></span> <span class='ocrx_word' id='word_1_7' title='bbox 640 496 709 554; x_wconf 91' lang='lat' dir='ltr'><strong>item</strong></span> <span class='ocrx_word' id='word_1_8' title='bbox 738 496 769 554; x_wconf 89' lang='lat' dir='ltr'><strong>in</strong></span> <span class='ocrx_word' id='word_1_9' title='bbox 798 513 890 555; x_wconf 88' lang='lat' dir='ltr'><strong>unum</strong></span> <span class='ocrx_word' id='word_1_10' title='bbox 915 512 964 554; x_wconf 89' lang='lat' dir='ltr'><strong>vas</strong></span> <span class='ocrx_word' id='word_1_11' title='bbox 991 494 1079 554; x_wconf 85' lang='lat' dir='ltr'><strong>liceto</strong></span> <span class='ocrx_word' id='word_1_12' title='bbox 1103 494 1228 554; x_wconf 90' lang='lat' dir='ltr'><strong>coicere.</strong></span> <span class='ocrx_word' id='word_1_13' title='bbox 1270 508 1333 550; x_wconf 89' lang='lat' dir='ltr'><strong>eam</strong></span> 
     </span>
     <span class='ocr_line' id='line_1_3' title="bbox 189 598 1332 664; baseline -0.005 -2"><span class='ocrx_word' id='word_1_14' title='bbox 189 620 253 662; x_wconf 88' lang='lat' dir='ltr'><strong>rem</strong></span> <span class='ocrx_word' id='word_1_15' title='bbox 277 602 405 662; x_wconf 87' lang='lat' dir='ltr'><strong>divinam</strong></span> <span class='ocrx_word' id='word_1_16' title='bbox 434 600 480 661; x_wconf 89' lang='lat' dir='ltr'><strong>vel</strong></span> <span class='ocrx_word' id='word_1_17' title='bbox 508 619 612 661; x_wconf 88' lang='lat' dir='ltr'><strong>servus</strong></span> <span class='ocrx_word' id='word_1_18' title='bbox 640 600 686 662; x_wconf 90' lang='lat' dir='ltr'><strong>vei</strong></span> <span class='ocrx_word' id='word_1_19' title='bbox 713 601 789 661; x_wconf 88' lang='lat' dir='ltr'><strong>liber</strong></span> <span class='ocrx_word' id='word_1_20' title='bbox 816 601 918 662; x_wconf 81' lang='lat' dir='ltr'><strong>licebit</strong></span> <span class='ocrx_word' id='word_1_21' title='bbox 947 602 1041 664; x_wconf 86' lang='lat' dir='ltr'><strong>iaciat.</strong></span> <span class='ocrx_word' id='word_1_22' title='bbox 1078 601 1129 661; x_wconf 90' lang='lat' dir='ltr'><strong>ubi</strong></span> <span class='ocrx_word' id='word_1_23' title='bbox 1158 617 1207 659; x_wconf 89' lang='lat' dir='ltr'><strong>res</strong></span> <span class='ocrx_word' id='word_1_24' title='bbox 1236 598 1332 657; x_wconf 88' lang='lat' dir='ltr'><strong>divina</strong></span> 
     </span>
     <span class='ocr_line' id='line_1_4' title="bbox 190 705 1333 787; baseline -0.003 -20"><span class='ocrx_word' id='word_1_25' title='bbox 190 709 266 769; x_wconf 88' lang='lat' dir='ltr'><strong>facta</strong></span> <span class='ocrx_word' id='word_1_26' title='bbox 289 709 359 787; x_wconf 85' lang='lat' dir='ltr'><strong>erit,</strong></span> <span class='ocrx_word' id='word_1_27' title='bbox 384 709 483 767; x_wconf 89' lang='lat' dir='ltr'><strong>statim</strong></span> <span class='ocrx_word' id='word_1_28' title='bbox 507 708 616 768; x_wconf 83' lang='lat' dir='ltr'>ibidem</span> <span class='ocrx_word' id='word_1_29' title='bbox 641 711 816 769; x_wconf 87' lang='lat' dir='ltr'><strong>consumite.</strong></span> <span class='ocrx_word' id='word_1_30' title='bbox 858 708 965 769; x_wconf 89' lang='lat' dir='ltr'><strong>mulier</strong></span> <span class='ocrx_word' id='word_1_31' title='bbox 984 709 1098 769; x_wconf 89' lang='lat' dir='ltr'><strong>adeam</strong></span> <span class='ocrx_word' id='word_1_32' title='bbox 1117 726 1180 767; x_wconf 88' lang='lat' dir='ltr'><strong>rem</strong></span> <span class='ocrx_word' id='word_1_33' title='bbox 1205 705 1333 765; x_wconf 86' lang='lat' dir='ltr'><strong>divinam</strong></span> 
     </span>
     <span class='ocr_line' id='line_1_5' title="bbox 190 808 1334 904; baseline -0.003 -30"><span class='ocrx_word' id='word_1_34' title='bbox 190 833 227 874; x_wconf 89' lang='lat' dir='ltr'><strong>ne</strong></span> <span class='ocrx_word' id='word_1_35' title='bbox 251 814 327 874; x_wconf 88' lang='lat' dir='ltr'><strong>adsit</strong></span> <span class='ocrx_word' id='word_1_36' title='bbox 352 832 424 873; x_wconf 87' lang='lat' dir='ltr'><strong>neve</strong></span> <span class='ocrx_word' id='word_1_37' title='bbox 448 815 545 904; x_wconf 79' lang='lat' dir='ltr'><strong>videat</strong></span> <span class='ocrx_word' id='word_1_38' title='bbox 569 808 628 894; x_wconf 91' lang='lat' dir='ltr'><strong>quo</strong></span> <span class='ocrx_word' id='word_1_39' title='bbox 652 815 738 875; x_wconf 87' lang='lat' dir='ltr'><strong>modo</strong></span> <span class='ocrx_word' id='word_1_40' title='bbox 758 817 816 875; x_wconf 88' lang='lat' dir='ltr'><strong>iiat.</strong></span> <span class='ocrx_word' id='word_1_41' title='bbox 853 815 909 876; x_wconf 94' lang='lat' dir='ltr'><strong>boc</strong></span> <span class='ocrx_word' id='word_1_42' title='bbox 925 825 1024 876; x_wconf 88' lang='lat' dir='ltr'><strong>votum</strong></span> <span class='ocrx_word' id='word_1_43' title='bbox 1039 817 1177 875; x_wconf 85' lang='lat' dir='ltr'><strong>ioannes</strong></span> <span class='ocrx_word' id='word_1_44' title='bbox 1192 810 1334 890; x_wconf 86' lang='lat' dir='ltr'><strong>singulos,</strong></span> 
     </span>
     <span class='ocr_line' id='line_1_6' title="bbox 190 920 595 1001; baseline 0.002 -20"><span class='ocrx_word' id='word_1_45' title='bbox 190 924 215 981; x_wconf 95' lang='lat' dir='ltr'><strong>si</strong></span> <span class='ocrx_word' id='word_1_46' title='bbox 238 921 333 1001; x_wconf 78' lang='lat' dir='ltr'><strong>voicS,</strong></span> <span class='ocrx_word' id='word_1_47' title='bbox 357 920 458 981; x_wconf 77' lang='lat' dir='ltr'>licebit</span> <span class='ocrx_word' id='word_1_48' title='bbox 481 940 595 983; x_wconf 84' lang='lat' dir='ltr'><strong>vovere.</strong></span> 
     </span>
    </p>

    <p class='ocr_par' dir='ltr' id='par_1_3' title="bbox 33 1026 1359 1750">
     <span class='ocr_line' id='line_1_7' title="bbox 33 1026 1336 1107; baseline -0.004 -19"><span class='ocrx_word' id='word_1_49' title='bbox 33 1039 179 1098; x_wconf 66' lang='lat' dir='ltr'><strong>cxxxssll</strong></span> <span class='ocrx_word' id='word_1_50' title='bbox 284 1027 424 1101; x_wconf 86' lang='lat' dir='ltr'><strong>Savilium</strong></span> <span class='ocrx_word' id='word_1_51' title='bbox 443 1028 499 1088; x_wconf 90' lang='lat' dir='ltr'><strong>boc</strong></span> <span class='ocrx_word' id='word_1_52' title='bbox 515 1029 600 1088; x_wconf 88' lang='lat' dir='ltr'><strong>modo</strong></span> <span class='ocrx_word' id='word_1_53' title='bbox 616 1028 712 1099; x_wconf 73' lang='lat' dir='ltr'><strong>facito.</strong></span> <span class='ocrx_word' id='word_1_54' title='bbox 750 1029 860 1088; x_wconf 78' lang='lat' dir='ltr'><strong>tarinae</strong></span> <span class='ocrx_word' id='word_1_55' title='bbox 876 1026 1022 1107; x_wconf 78' lang='lat' dir='ltr'><strong>selibram,</strong></span> <span class='ocrx_word' id='word_1_56' title='bbox 1046 1028 1125 1086; x_wconf 90' lang='lat' dir='ltr'><strong>casei</strong></span> <span class='ocrx_word' id='word_1_57' title='bbox 1143 1042 1171 1086; x_wconf 82' lang='grc' dir='ltr'><strong>Ρ.</strong></span> <span class='ocrx_word' id='word_1_58' title='bbox 1191 1040 1218 1086; x_wconf 93' lang='lat'><strong>11</strong></span> <span class='ocrx_word' id='word_1_59' title='bbox 1239 1037 1255 1086; x_wconf 84' lang='lat' dir='ltr'>s</span> <span class='ocrx_word' id='word_1_60' title='bbox 1280 1041 1336 1084; x_wconf 78' lang='lat' dir='ltr'><strong>tina</strong></span> 
     </span>
     <span class='ocr_line' id='line_1_8' title="bbox 192 1133 1335 1216; baseline -0.003 -22"><span class='ocrx_word' id='word_1_61' title='bbox 192 1137 372 1196; x_wconf 90' lang='lat' dir='ltr'><strong>conmisceto</strong></span> <span class='ocrx_word' id='word_1_62' title='bbox 398 1139 482 1216; x_wconf 84' lang='lat' dir='ltr'>quasi</span> <span class='ocrx_word' id='word_1_63' title='bbox 508 1135 614 1216; x_wconf 86' lang='lat' dir='ltr'><strong>libum,</strong></span> <span class='ocrx_word' id='word_1_64' title='bbox 643 1135 737 1196; x_wconf 90' lang='lat' dir='ltr'><strong>meilis</strong></span> <span class='ocrx_word' id='word_1_65' title='bbox 756 1152 785 1196; x_wconf 84' lang='lat' dir='ltr'><strong>P.</strong></span> <span class='ocrx_word' id='word_1_66' title='bbox 800 1134 844 1212; x_wconf 56' lang='grc' dir='ltr'>Ξ</span> <span class='ocrx_word' id='word_1_67' title='bbox 871 1143 928 1195; x_wconf 71' lang='grc' dir='ltr'><strong>-θῑ</strong></span> <span class='ocrx_word' id='word_1_68' title='bbox 951 1153 1038 1194; x_wconf 89' lang='lat' dir='ltr'><strong>ovum</strong></span> <span class='ocrx_word' id='word_1_69' title='bbox 1062 1151 1163 1193; x_wconf 80' lang='lat' dir='ltr'><strong>utrum.</strong></span> <span class='ocrx_word' id='word_1_70' title='bbox 1206 1133 1335 1192; x_wconf 87' lang='lat' dir='ltr'><strong>catinum</strong></span> 
     </span>
     <span class='ocr_line' id='line_1_9' title="bbox 191 1240 1336 1322; baseline -0.004 -20"><span class='ocrx_word' id='word_1_71' title='bbox 191 1242 281 1303; x_wconf 85' lang='lat' dir='ltr'><strong>fictile</strong></span> <span class='ocrx_word' id='word_1_72' title='bbox 306 1242 370 1303; x_wconf 92' lang='lat' dir='ltr'><strong>oleo</strong></span> <span class='ocrx_word' id='word_1_73' title='bbox 395 1245 527 1322; x_wconf 83' lang='lat' dir='ltr'><strong>unguito.</strong></span> <span class='ocrx_word' id='word_1_74' title='bbox 564 1243 617 1303; x_wconf 93' lang='lat' dir='ltr'><strong>ubi</strong></span> <span class='ocrx_word' id='word_1_75' title='bbox 640 1245 736 1304; x_wconf 89' lang='lat' dir='ltr'><strong>omnia</strong></span> <span class='ocrx_word' id='word_1_76' title='bbox 761 1243 836 1321; x_wconf 88' lang='lat' dir='ltr'><strong>bene</strong></span> <span class='ocrx_word' id='word_1_77' title='bbox 851 1242 1079 1320; x_wconf 74' lang='lat' dir='ltr'><strong>commiscueriS‚</strong></span> <span class='ocrx_word' id='word_1_78' title='bbox 1103 1243 1134 1299; x_wconf 83' lang='lat' dir='ltr'><strong>in</strong></span> <span class='ocrx_word' id='word_1_79' title='bbox 1148 1241 1280 1299; x_wconf 90' lang='lat' dir='ltr'><strong>catinum</strong></span> <span class='ocrx_word' id='word_1_80' title='bbox 1296 1240 1336 1297; x_wconf 90' lang='lat' dir='ltr'><strong>in·</strong></span> 
     </span>
     <span class='ocr_line' id='line_1_10' title="bbox 193 1336 1337 1430; baseline -0.003 -21"><span class='ocrx_word' id='word_1_81' title='bbox 193 1350 268 1430; x_wconf 82' lang='lat' dir='ltr'><strong>dito,</strong></span> <span class='ocrx_word' id='word_1_82' title='bbox 301 1353 431 1411; x_wconf 90' lang='lat' dir='ltr'><strong>catinum</strong></span> <span class='ocrx_word' id='word_1_83' title='bbox 461 1358 538 1411; x_wconf 91' lang='lat' dir='ltr'><strong>testo</strong></span> <span class='ocrx_word' id='word_1_84' title='bbox 562 1352 685 1428; x_wconf 74' lang='lat' dir='ltr'><strong>operito,</strong></span> <span class='ocrx_word' id='word_1_85' title='bbox 723 1351 819 1411; x_wconf 87' lang='lat' dir='ltr'><strong>videto</strong></span> <span class='ocrx_word' id='word_1_86' title='bbox 849 1336 882 1410; x_wconf 74' lang='lat' dir='ltr'><strong>bt</strong></span> <span class='ocrx_word' id='word_1_87' title='bbox 905 1349 980 1409; x_wconf 88' lang='lat' dir='ltr'><strong>berre</strong></span> <span class='ocrx_word' id='word_1_88' title='bbox 1008 1366 1174 1427; x_wconf 89' lang='lat' dir='ltr'><strong>percoquas</strong></span> <span class='ocrx_word' id='word_1_89' title='bbox 1198 1346 1337 1424; x_wconf 84' lang='lat' dir='ltr'><strong>medium,</strong></span> 
     </span>
     <span class='ocr_line' id='line_1_11' title="bbox 193 1452 1359 1538; baseline -0.001 -23"><span class='ocrx_word' id='word_1_90' title='bbox 193 1455 245 1515; x_wconf 93' lang='lat' dir='ltr'><strong>ubi</strong></span> <span class='ocrx_word' id='word_1_91' title='bbox 269 1456 446 1517; x_wconf 88' lang='lat' dir='ltr'><strong>altissimum</strong></span> <span class='ocrx_word' id='word_1_92' title='bbox 470 1467 524 1518; x_wconf 88' lang='lat' dir='ltr'><strong>est.</strong></span> <span class='ocrx_word' id='word_1_93' title='bbox 562 1457 614 1517; x_wconf 88' lang='lat' dir='ltr'><strong>ubi</strong></span> <span class='ocrx_word' id='word_1_94' title='bbox 638 1466 757 1518; x_wconf 89' lang='lat' dir='ltr'><strong>coctum</strong></span> <span class='ocrx_word' id='word_1_95' title='bbox 780 1460 846 1538; x_wconf 82' lang='lat' dir='ltr'><strong>erit,</strong></span> <span class='ocrx_word' id='word_1_96' title='bbox 870 1458 1000 1517; x_wconf 87' lang='lat' dir='ltr'><strong>catinum</strong></span> <span class='ocrx_word' id='word_1_97' title='bbox 1020 1456 1149 1534; x_wconf 81' lang='lat' dir='ltr'><strong>eximito,</strong></span> <span class='ocrx_word' id='word_1_98' title='bbox 1174 1452 1261 1513; x_wconf 89' lang='lat' dir='ltr'><strong>melle</strong></span> <span class='ocrx_word' id='word_1_99' title='bbox 1285 1470 1359 1514; x_wconf 90' lang='lat' dir='ltr'>un·1</span> 
     </span>
     <span class='ocr_line' id='line_1_12' title="bbox 193 1561 1337 1646; baseline -0.003 -23"><span class='ocrx_word' id='word_1_100' title='bbox 193 1565 289 1644; x_wconf 83' lang='lat' dir='ltr'><strong>guito,</strong></span> <span class='ocrx_word' id='word_1_101' title='bbox 317 1582 445 1642; x_wconf 87' lang='lat' dir='ltr'><strong>papaver</strong></span> <span class='ocrx_word' id='word_1_102' title='bbox 473 1566 605 1646; x_wconf 86' lang='lat' dir='ltr'><strong>iniriato,</strong></span> <span class='ocrx_word' id='word_1_103' title='bbox 635 1566 690 1626; x_wconf 91' lang='lat' dir='ltr'><strong>sub</strong></span> <span class='ocrx_word' id='word_1_104' title='bbox 714 1575 824 1627; x_wconf 91' lang='lat' dir='ltr'><strong>testum</strong></span> <span class='ocrx_word' id='word_1_105' title='bbox 849 1564 942 1625; x_wconf 85' lang='lat' dir='ltr'>subde</span> <span class='ocrx_word' id='word_1_106' title='bbox 966 1563 1129 1643; x_wconf 82' lang='lat' dir='ltr'>paulisper,</span> <span class='ocrx_word' id='word_1_107' title='bbox 1152 1569 1257 1641; x_wconf 91' lang='lat' dir='ltr'><strong>postea</strong></span> <span class='ocrx_word' id='word_1_108' title='bbox 1280 1561 1337 1620; x_wconf 82' lang='lat' dir='ltr'><strong>eri-</strong></span> 
     </span>
     <span class='ocr_line' id='line_1_13' title="bbox 194 1671 871 1750; baseline 0.004 -21"><span class='ocrx_word' id='word_1_109' title='bbox 194 1672 275 1730; x_wconf 88' lang='lat' dir='ltr'><strong>mito.</strong></span> <span class='ocrx_word' id='word_1_110' title='bbox 313 1673 353 1731; x_wconf 89' lang='lat' dir='ltr'><strong>ita</strong></span> <span class='ocrx_word' id='word_1_111' title='bbox 376 1689 452 1750; x_wconf 88' lang='lat' dir='ltr'><strong>pone</strong></span> <span class='ocrx_word' id='word_1_112' title='bbox 476 1691 544 1732; x_wconf 91' lang='lat' dir='ltr'><strong>cum</strong></span> <span class='ocrx_word' id='word_1_113' title='bbox 569 1671 665 1733; x_wconf 89' lang='lat' dir='ltr'><strong>catillo</strong></span> <span class='ocrx_word' id='word_1_114' title='bbox 690 1681 720 1732; x_wconf 89' lang='lat' dir='ltr'><strong>et</strong></span> <span class='ocrx_word' id='word_1_115' title='bbox 743 1672 871 1750; x_wconf 85' lang='lat' dir='ltr'><strong>lingulis.</strong></span> 
     </span>
    </p>

    <p class='ocr_par' dir='ltr' id='par_1_4' title="bbox 58 1774 1359 2178">
     <span class='ocr_line' id='line_1_14' title="bbox 58 1774 1337 1858; baseline -0.004 -20"><span class='ocrx_word' id='word_1_116' title='bbox 58 1788 176 1846; x_wconf 68' lang='lat' dir='ltr'><strong>cxxxv</strong></span> <span class='ocrx_word' id='word_1_117' title='bbox 283 1776 399 1837; x_wconf 87' lang='lat' dir='ltr'><strong>Puitem</strong></span> <span class='ocrx_word' id='word_1_118' title='bbox 422 1781 562 1856; x_wconf 89' lang='lat' dir='ltr'><strong>punicam</strong></span> <span class='ocrx_word' id='word_1_119' title='bbox 585 1781 627 1839; x_wconf 88' lang='lat' dir='ltr'><strong>sic</strong></span> <span class='ocrx_word' id='word_1_120' title='bbox 651 1782 780 1858; x_wconf 77' lang='lat' dir='ltr'><strong>coquito,</strong></span> <span class='ocrx_word' id='word_1_121' title='bbox 823 1778 928 1839; x_wconf 88' lang='lat' dir='ltr'><strong>libram</strong></span> <span class='ocrx_word' id='word_1_122' title='bbox 951 1777 1042 1838; x_wconf 92' lang='lat' dir='ltr'><strong>alicae</strong></span> <span class='ocrx_word' id='word_1_123' title='bbox 1065 1778 1095 1836; x_wconf 89' lang='lat' dir='ltr'><strong>in</strong></span> <span class='ocrx_word' id='word_1_124' title='bbox 1116 1793 1221 1854; x_wconf 88' lang='lat' dir='ltr'><strong>aquam</strong></span> <span class='ocrx_word' id='word_1_125' title='bbox 1236 1774 1337 1854; x_wconf 80' lang='lat' dir='ltr'><strong>indito,</strong></span> 
     </span>
     <span class='ocr_line' id='line_1_15' title="bbox 194 1883 1338 1963; baseline -0.002 -21"><span class='ocrx_word' id='word_1_126' title='bbox 194 1884 281 1944; x_wconf 83' lang='lat' dir='ltr'><strong>tacito</strong></span> <span class='ocrx_word' id='word_1_127' title='bbox 306 1887 350 1944; x_wconf 92' lang='lat' dir='ltr'><strong>uti</strong></span> <span class='ocrx_word' id='word_1_128' title='bbox 374 1884 448 1944; x_wconf 87' lang='lat' dir='ltr'><strong>bene</strong></span> <span class='ocrx_word' id='word_1_129' title='bbox 472 1886 596 1947; x_wconf 80' lang='lat' dir='ltr'><strong>madeat.</strong></span> <span class='ocrx_word' id='word_1_130' title='bbox 633 1887 662 1946; x_wconf 82' lang='lat' dir='ltr'><strong>id</strong></span> <span class='ocrx_word' id='word_1_131' title='bbox 685 1887 833 1946; x_wconf 80' lang='lat' dir='ltr'><strong>infundite</strong></span> <span class='ocrx_word' id='word_1_132' title='bbox 853 1888 883 1944; x_wconf 89' lang='lat' dir='ltr'><strong>in</strong></span> <span class='ocrx_word' id='word_1_133' title='bbox 903 1884 1017 1945; x_wconf 88' lang='lat' dir='ltr'><strong>alveum</strong></span> <span class='ocrx_word' id='word_1_134' title='bbox 1032 1901 1155 1963; x_wconf 82' lang='lat' dir='ltr'><strong>purum,</strong></span> <span class='ocrx_word' id='word_1_135' title='bbox 1179 1901 1213 1942; x_wconf 91' lang='lat' dir='ltr'><strong>eo</strong></span> <span class='ocrx_word' id='word_1_136' title='bbox 1235 1883 1338 1942; x_wconf 81' lang='lat' dir='ltr'><strong>addito</strong></span> 
     </span>
     <span class='ocr_line' id='line_1_16' title="bbox 194 1990 1359 2076; baseline -0.003 -26"><span class='ocrx_word' id='word_1_137' title='bbox 194 1993 272 2051; x_wconf 90' lang='lat' dir='ltr'><strong>casei</strong></span> <span class='ocrx_word' id='word_1_138' title='bbox 287 1994 417 2052; x_wconf 88' lang='lat' dir='ltr'><strong>recentis</strong></span> <span class='ocrx_word' id='word_1_139' title='bbox 430 2009 459 2052; x_wconf 82' lang='grc' dir='ltr'><strong>Ρ.</strong></span> <span class='ocrx_word' id='word_1_140' title='bbox 474 2009 522 2075; x_wconf 83' lang='lat'>111,</span> <span class='ocrx_word' id='word_1_141' title='bbox 542 1994 636 2054; x_wconf 88' lang='lat' dir='ltr'><strong>mellis</strong></span> <span class='ocrx_word' id='word_1_142' title='bbox 656 2009 684 2054; x_wconf 83' lang='lat' dir='ltr'><strong>P.</strong></span> <span class='ocrx_word' id='word_1_143' title='bbox 705 2008 731 2076; x_wconf 75' lang='lat' dir='ltr'><strong>S,</strong></span> <span class='ocrx_word' id='word_1_144' title='bbox 751 1998 838 2055; x_wconf 84' lang='lat' dir='ltr'><strong>ov&#39;um</strong></span> <span class='ocrx_word' id='word_1_145' title='bbox 853 2010 955 2074; x_wconf 80' lang='lat' dir='ltr'><strong>unum,</strong></span> <span class='ocrx_word' id='word_1_146' title='bbox 975 1993 1072 2052; x_wconf 87' lang='lat' dir='ltr'><strong>omnia</strong></span> <span class='ocrx_word' id='word_1_147' title='bbox 1087 2008 1145 2050; x_wconf 89' lang='lat' dir='ltr'><strong>una</strong></span> <span class='ocrx_word' id='word_1_148' title='bbox 1160 1990 1359 2068; x_wconf 83' lang='lat' dir='ltr'><strong>permiscctor</strong></span> 
     </span>
     <span class='ocr_line' id='line_1_17' title="bbox 196 2096 817 2178; baseline 0.005 -21"><span class='ocrx_word' id='word_1_149' title='bbox 196 2096 279 2158; x_wconf 85' lang='lat' dir='ltr'><strong>bene.</strong></span> <span class='ocrx_word' id='word_1_150' title='bbox 322 2101 362 2159; x_wconf 94' lang='lat' dir='ltr'><strong>ita</strong></span> <span class='ocrx_word' id='word_1_151' title='bbox 386 2102 506 2178; x_wconf 91' lang='lat' dir='ltr'><strong>insipito</strong></span> <span class='ocrx_word' id='word_1_152' title='bbox 531 2104 561 2161; x_wconf 89' lang='lat' dir='ltr'><strong>in</strong></span> <span class='ocrx_word' id='word_1_153' title='bbox 585 2101 681 2162; x_wconf 87' lang='lat' dir='ltr'><strong>aulam</strong></span> <span class='ocrx_word' id='word_1_154' title='bbox 704 2119 817 2161; x_wconf 88' lang='lat' dir='ltr'><strong>novam.</strong></span> 
     </span>
    </p>

    <p class='ocr_par' dir='ltr' id='par_1_5' title="bbox 48 2205 1338 2284">
     <span class='ocr_line' id='line_1_18' title="bbox 48 2205 1338 2284; baseline -0.006 -13"><span class='ocrx_word' id='word_1_155' title='bbox 48 2214 180 2271; x_wconf 84' lang='lat' dir='ltr'>LXXXVI</span> <span class='ocrx_word' id='word_1_156' title='bbox 288 2205 433 2267; x_wconf 87' lang='lat' dir='ltr'><strong>Grancam</strong></span> <span class='ocrx_word' id='word_1_157' title='bbox 456 2210 604 2269; x_wconf 81' lang='lat' dir='ltr'><strong>triticeam</strong></span> <span class='ocrx_word' id='word_1_158' title='bbox 632 2210 675 2268; x_wconf 92' lang='lat' dir='ltr'><strong>sic</strong></span> <span class='ocrx_word' id='word_1_159' title='bbox 703 2208 799 2269; x_wconf 79' lang='lat' dir='ltr'><strong>tacito.</strong></span> <span class='ocrx_word' id='word_1_160' title='bbox 837 2207 975 2267; x_wconf 84' lang='lat' dir='ltr'><strong>selibram</strong></span> <span class='ocrx_word' id='word_1_161' title='bbox 1003 2207 1096 2265; x_wconf 90' lang='lat' dir='ltr'><strong>tritici</strong></span> <span class='ocrx_word' id='word_1_162' title='bbox 1118 2205 1188 2284; x_wconf 91' lang='lat' dir='ltr'><strong>puri</strong></span> <span class='ocrx_word' id='word_1_163' title='bbox 1210 2205 1242 2264; x_wconf 87' lang='lat' dir='ltr'><strong>in</strong></span> <span class='ocrx_word' id='word_1_164' title='bbox 1266 2221 1338 2263; x_wconf 93' lang='lat' dir='ltr'><strong>mor-</strong></span> 
     </span>
    </p>
   </div>
   <div class='ocr_carea' id='block_1_3' title="bbox 163 2392 1349 4500">
    <p class='ocr_par' dir='ltr' id='par_1_6' title="bbox 195 2392 1340 2552">
     <span class='ocr_line' id='line_1_19' title="bbox 268 2392 1338 2465; baseline 0 -20"><span class='ocrx_word' id='word_1_165' title='bbox 268 2400 280 2445; x_wconf 94' lang='lat'>1</span> <span class='ocrx_word' id='word_1_166' title='bbox 303 2395 410 2450; x_wconf 87' lang='lat' dir='ltr'><strong>coicere</strong></span> <span class='ocrx_word' id='word_1_167' title='bbox 424 2398 519 2465; x_wconf 78' lang='lat' dir='ltr'><strong>priore</strong></span> <span class='ocrx_word' id='word_1_168' title='bbox 538 2400 594 2452; x_wconf 85' lang='lat' dir='ltr'><strong>loco</strong></span> <span class='ocrx_word' id='word_1_169' title='bbox 615 2398 671 2451; x_wconf 86' lang='lat' dir='ltr'><strong>PR</strong></span> <span class='ocrx_word' id='word_1_170' title='bbox 690 2398 816 2452; x_wconf 86' lang='lat' dir='ltr'><strong>conicere</strong></span> <span class='ocrx_word' id='word_1_171' title='bbox 834 2398 862 2451; x_wconf 91' lang='lat' dir='ltr'><strong><em>A</em></strong></span> <span class='ocrx_word' id='word_1_172' title='bbox 881 2396 1051 2451; x_wconf 87' lang='lat' dir='ltr'><strong>coniicereo</strong></span> <span class='ocrx_word' id='word_1_173' title='bbox 1145 2394 1173 2448; x_wconf 80' lang='lat' dir='ltr'><strong>ei</strong></span> <span class='ocrx_word' id='word_1_174' title='bbox 1190 2392 1289 2446; x_wconf 86' lang='lat' dir='ltr'><strong>vinum</strong></span> <span class='ocrx_word' id='word_1_175' title='bbox 1308 2423 1338 2432; x_wconf 90' lang='lat'>-</span> 
     </span>
     <span class='ocr_line' id='line_1_20' title="bbox 195 2480 1340 2552; baseline 0.001 -18"><span class='ocrx_word' id='word_1_176' title='bbox 195 2483 301 2536; x_wconf 91' lang='lat' dir='ltr'><strong>coicere</strong></span> <span class='ocrx_word' id='word_1_177' title='bbox 320 2500 369 2537; x_wconf 86' lang='lat' dir='ltr'><strong>om.</strong></span> <span class='ocrx_word' id='word_1_178' title='bbox 390 2485 429 2551; x_wconf 84' lang='lat' dir='ltr'><strong>bf</strong></span> <span class='ocrx_word' id='word_1_179' title='bbox 495 2486 564 2541; x_wconf 77' lang='lat' dir='ltr'><strong>item</strong></span> <span class='ocrx_word' id='word_1_180' title='bbox 582 2487 612 2540; x_wconf 90' lang='lat' dir='ltr'><strong>in</strong></span> <span class='ocrx_word' id='word_1_181' title='bbox 626 2505 713 2541; x_wconf 90' lang='lat' dir='ltr'><strong>unum</strong></span> <span class='ocrx_word' id='word_1_182' title='bbox 727 2504 777 2541; x_wconf 83' lang='lat' dir='ltr'><strong>uas</strong></span> <span class='ocrx_word' id='word_1_183' title='bbox 796 2486 945 2552; x_wconf 77' lang='lat' dir='ltr'><strong>Victorius,</strong></span> <span class='ocrx_word' id='word_1_184' title='bbox 963 2486 1039 2539; x_wconf 89' lang='lat' dir='ltr'><strong>idem</strong></span> <span class='ocrx_word' id='word_1_185' title='bbox 1052 2483 1083 2538; x_wconf 91' lang='lat' dir='ltr'><strong>in</strong></span> <span class='ocrx_word' id='word_1_186' title='bbox 1097 2501 1183 2536; x_wconf 89' lang='lat' dir='ltr'><strong>unum</strong></span> <span class='ocrx_word' id='word_1_187' title='bbox 1197 2498 1249 2536; x_wconf 82' lang='lat' dir='ltr'><strong>uas</strong></span> <span class='ocrx_word' id='word_1_188' title='bbox 1267 2480 1340 2535; x_wconf 79' lang='lat' dir='ltr'><strong>VAc</strong></span> 
     </span>
    </p>

    <p class='ocr_par' dir='ltr' id='par_1_7' title="bbox 196 2571 1341 2819">
     <span class='ocr_line' id='line_1_21' title="bbox 267 2571 1341 2642; baseline -0.001 -17"><span class='ocrx_word' id='word_1_189' title='bbox 267 2571 373 2627; x_wconf 88' lang='lat' dir='ltr'><strong>coicere</strong></span> <span class='ocrx_word' id='word_1_190' title='bbox 389 2576 540 2642; x_wconf 79' lang='lat' dir='ltr'><strong>posteriorc</strong></span> <span class='ocrx_word' id='word_1_191' title='bbox 559 2576 615 2629; x_wconf 80' lang='lat' dir='ltr'><strong>loco</strong></span> <span class='ocrx_word' id='word_1_192' title='bbox 631 2576 711 2630; x_wconf 87' lang='lat' dir='ltr'><strong>PAc</strong></span> <span class='ocrx_word' id='word_1_193' title='bbox 728 2575 894 2630; x_wconf 85' lang='lat' dir='ltr'><strong>coniicerec</strong></span> <span class='ocrx_word' id='word_1_194' title='bbox 971 2580 986 2628; x_wconf 84' lang='lat'><strong>2</strong></span> <span class='ocrx_word' id='word_1_195' title='bbox 1006 2573 1103 2627; x_wconf 86' lang='lat' dir='ltr'><strong>diuina</strong></span> <span class='ocrx_word' id='word_1_196' title='bbox 1117 2572 1268 2641; x_wconf 61' lang='lat' dir='ltr'><strong>perterrere</strong></span> <span class='ocrx_word' id='word_1_197' title='bbox 1287 2572 1341 2626; x_wconf 82' lang='lat' dir='ltr'><strong>loco</strong></span> 
     </span>
     <span class='ocr_line' id='line_1_22' title="bbox 196 2658 1340 2733; baseline 0.002 -21"><span class='ocrx_word' id='word_1_198' title='bbox 196 2658 300 2728; x_wconf 74' lang='lat' dir='ltr'><strong>Abfo,</strong></span> <span class='ocrx_word' id='word_1_199' title='bbox 320 2660 442 2731; x_wconf 84' lang='lat' dir='ltr'><strong>diuinas,</strong></span> <span class='ocrx_word' id='word_1_200' title='bbox 460 2664 506 2717; x_wconf 75' lang='lat' dir='ltr'><strong>aad</strong></span> <span class='ocrx_word' id='word_1_201' title='bbox 525 2664 608 2718; x_wconf 76' lang='lat' dir='ltr'><strong>deicio</strong></span> <span class='ocrx_word' id='word_1_202' title='bbox 625 2669 730 2733; x_wconf 80' lang='lat' dir='ltr'><strong>postca,</strong></span> <span class='ocrx_word' id='word_1_203' title='bbox 750 2669 781 2718; x_wconf 85' lang='lat' dir='ltr'><strong>ut</strong></span> <span class='ocrx_word' id='word_1_204' title='bbox 798 2665 919 2728; x_wconf 77' lang='lat' dir='ltr'><strong>videtur,</strong></span> <span class='ocrx_word' id='word_1_205' title='bbox 938 2682 951 2716; x_wconf 81' lang='lat' dir='ltr'><strong>a</strong></span> <span class='ocrx_word' id='word_1_206' title='bbox 972 2663 1000 2715; x_wconf 94' lang='lat' dir='ltr'><em>P</em></span> <span class='ocrx_word' id='word_1_207' title='bbox 1016 2661 1153 2716; x_wconf 73' lang='lat' dir='ltr'><strong>diuinare</strong></span> <span class='ocrx_word' id='word_1_208' title='bbox 1232 2667 1249 2714; x_wconf 82' lang='lat'><strong>3</strong></span> <span class='ocrx_word' id='word_1_209' title='bbox 1270 2677 1340 2716; x_wconf 89' lang='lat' dir='ltr'><strong>eom·</strong></span> 
     </span>
     <span class='ocr_line' id='line_1_23' title="bbox 196 2747 1121 2819; baseline 0.004 -20"><span class='ocrx_word' id='word_1_210' title='bbox 196 2747 299 2803; x_wconf 79' lang='lat' dir='ltr'><strong>sumito</strong></span> <span class='ocrx_word' id='word_1_211' title='bbox 314 2750 340 2802; x_wconf 88' lang='lat' dir='ltr'><em>A</em></span> <span class='ocrx_word' id='word_1_212' title='bbox 414 2755 430 2805; x_wconf 81' lang='lat'>5</span> <span class='ocrx_word' id='word_1_213' title='bbox 449 2750 473 2803; x_wconf 82' lang='lat' dir='ltr'><strong>si</strong></span> <span class='ocrx_word' id='word_1_214' title='bbox 491 2749 569 2805; x_wconf 84' lang='lat' dir='ltr'><strong>uoles</strong></span> <span class='ocrx_word' id='word_1_215' title='bbox 583 2751 741 2819; x_wconf 80' lang='lat' dir='ltr'><strong>Iccmcoics,</strong></span> <span class='ocrx_word' id='word_1_216' title='bbox 760 2750 838 2806; x_wconf 81' lang='lat' dir='ltr'><strong>uoles</strong></span> <span class='ocrx_word' id='word_1_217' title='bbox 857 2750 881 2804; x_wconf 83' lang='lat' dir='ltr'><strong>si</strong></span> <span class='ocrx_word' id='word_1_218' title='bbox 899 2750 990 2804; x_wconf 87' lang='lat' dir='ltr'><strong>VAbc</strong></span> <span class='ocrx_word' id='word_1_219' title='bbox 1006 2750 1085 2803; x_wconf 81' lang='lat' dir='ltr'><strong>uoles</strong></span> <span class='ocrx_word' id='word_1_220' title='bbox 1103 2751 1121 2816; x_wconf 79' lang='lat' dir='ltr'><em>f</em></span> 
     </span>
    </p>

    <p class='ocr_par' dir='ltr' id='par_1_8' title="bbox 195 2836 1344 3534">
     <span class='ocr_line' id='line_1_24' title="bbox 267 2836 1340 2895; baseline 0.004 -5"><span class='ocrx_word' id='word_1_221' title='bbox 267 2842 283 2890; x_wconf 84' lang='grc'><strong>6</strong></span> <span class='ocrx_word' id='word_1_222' title='bbox 301 2836 334 2892; x_wconf 84' lang='lat' dir='ltr'><strong>R.</strong></span> <span class='ocrx_word' id='word_1_223' title='bbox 354 2837 521 2892; x_wconf 85' lang='lat' dir='ltr'>LXXXXIII</span> <span class='ocrx_word' id='word_1_224' title='bbox 541 2839 677 2895; x_wconf 82' lang='lat' dir='ltr'><strong>Sauillum</strong></span> <span class='ocrx_word' id='word_1_225' title='bbox 697 2840 737 2894; x_wconf 83' lang='lat' dir='ltr'><strong>sic</strong></span> <span class='ocrx_word' id='word_1_226' title='bbox 755 2840 841 2895; x_wconf 75' lang='lat' dir='ltr'><strong>facito</strong></span> <span class='ocrx_word' id='word_1_227' title='bbox 860 2839 940 2894; x_wconf 88' lang='lat' dir='ltr'><strong>AVb</strong></span> <span class='ocrx_word' id='word_1_228' title='bbox 1014 2846 1028 2894; x_wconf 73' lang='lat' dir='ltr'><strong>‘i</strong></span> <span class='ocrx_word' id='word_1_229' title='bbox 1049 2839 1199 2894; x_wconf 79' lang='lat' dir='ltr'><strong>comisceio</strong></span> <span class='ocrx_word' id='word_1_230' title='bbox 1219 2840 1242 2894; x_wconf 77' lang='lat' dir='ltr'><strong><em>A</em></strong></span> <span class='ocrx_word' id='word_1_231' title='bbox 1267 2857 1340 2894; x_wconf 91' lang='lat' dir='ltr'><strong>com·</strong></span> 
     </span>
     <span class='ocr_line' id='line_1_25' title="bbox 196 2915 1343 2999; baseline 0.003 -21"><span class='ocrx_word' id='word_1_232' title='bbox 196 2925 312 2982; x_wconf 77' lang='lat' dir='ltr'><strong>misceto</strong></span> <span class='ocrx_word' id='word_1_233' title='bbox 335 2927 392 2981; x_wconf 85' lang='lat' dir='ltr'><strong>VR</strong></span> <span class='ocrx_word' id='word_1_234' title='bbox 464 2930 556 2984; x_wconf 84' lang='lat' dir='ltr'><strong>meliis</strong></span> <span class='ocrx_word' id='word_1_235' title='bbox 574 2915 687 2999; x_wconf 49' lang='lat' dir='ltr'><strong>pssz-</strong></span> <span class='ocrx_word' id='word_1_236' title='bbox 704 2930 763 2983; x_wconf 86' lang='grc' dir='ltr'><strong>ΡΑ</strong></span> <span class='ocrx_word' id='word_1_237' title='bbox 777 2930 868 2984; x_wconf 82' lang='lat' dir='ltr'><strong>mellis</strong></span> <span class='ocrx_word' id='word_1_238' title='bbox 886 2948 924 2999; x_wconf 83' lang='lat' dir='ltr'><strong>p:-</strong></span> <span class='ocrx_word' id='word_1_239' title='bbox 943 2930 979 2984; x_wconf 87' lang='lat' dir='ltr'><strong>bc</strong></span> <span class='ocrx_word' id='word_1_240' title='bbox 997 2927 1089 2982; x_wconf 84' lang='lat' dir='ltr'><strong>mollio</strong></span> <span class='ocrx_word' id='word_1_241' title='bbox 1103 2946 1130 2997; x_wconf 90' lang='lat' dir='ltr'><strong>p.</strong></span> <span class='ocrx_word' id='word_1_242' title='bbox 1145 2928 1171 2980; x_wconf 92' lang='lat' dir='ltr'><strong>II</strong></span> <span class='ocrx_word' id='word_1_243' title='bbox 1184 2945 1209 2982; x_wconf 84' lang='lat' dir='ltr'><strong>o.</strong></span> <span class='ocrx_word' id='word_1_244' title='bbox 1228 2928 1343 2995; x_wconf 71' lang='lat' dir='ltr'><strong>sortasse</strong></span> 
     </span>
     <span class='ocr_line' id='line_1_26' title="bbox 196 3015 1261 3089; baseline 0.002 -21"><span class='ocrx_word' id='word_1_245' title='bbox 196 3015 293 3072; x_wconf 77' lang='lat' dir='ltr'><strong>addito</strong></span> <span class='ocrx_word' id='word_1_246' title='bbox 312 3019 403 3073; x_wconf 81' lang='lat' dir='ltr'><strong>mellis</strong></span> <span class='ocrx_word' id='word_1_247' title='bbox 421 3037 449 3089; x_wconf 89' lang='lat' dir='ltr'><strong>p.</strong></span> <span class='ocrx_word' id='word_1_248' title='bbox 468 3033 538 3078; x_wconf 77' lang='lat'><strong>:—</strong></span> <span class='ocrx_word' id='word_1_249' title='bbox 611 3027 627 3074; x_wconf 88' lang='lat'>8</span> <span class='ocrx_word' id='word_1_250' title='bbox 647 3020 854 3075; x_wconf 81' lang='lat' dir='ltr'><strong>commiscueris</strong></span> <span class='ocrx_word' id='word_1_251' title='bbox 878 3019 942 3073; x_wconf 92' lang='lat' dir='ltr'><strong>Vbc</strong></span> <span class='ocrx_word' id='word_1_252' title='bbox 965 3035 1028 3073; x_wconf 91' lang='lat' dir='ltr'><strong>oum</strong></span> <span class='ocrx_word' id='word_1_253' title='bbox 1046 3016 1190 3071; x_wconf 79' lang='lat' dir='ltr'><strong>miscueris</strong></span> <span class='ocrx_word' id='word_1_254' title='bbox 1208 3018 1261 3084; x_wconf 77' lang='lat' dir='ltr'><strong>Af</strong></span> 
     </span>
     <span class='ocr_line' id='line_1_27' title="bbox 195 3103 1343 3178; baseline 0.004 -21"><span class='ocrx_word' id='word_1_255' title='bbox 195 3103 225 3158; x_wconf 90' lang='lat' dir='ltr'><strong>in</strong></span> <span class='ocrx_word' id='word_1_256' title='bbox 244 3107 368 3161; x_wconf 80' lang='lat' dir='ltr'><strong>catinum</strong></span> <span class='ocrx_word' id='word_1_257' title='bbox 386 3125 437 3164; x_wconf 90' lang='lat' dir='ltr'><strong>om.</strong></span> <span class='ocrx_word' id='word_1_258' title='bbox 457 3109 493 3178; x_wconf 83' lang='lat' dir='ltr'><strong>A,</strong></span> <span class='ocrx_word' id='word_1_259' title='bbox 513 3110 576 3165; x_wconf 74' lang='lat' dir='ltr'><strong>acici.</strong></span> <span class='ocrx_word' id='word_1_260' title='bbox 595 3108 651 3162; x_wconf 85' lang='lat' dir='ltr'><strong>VR</strong></span> <span class='ocrx_word' id='word_1_261' title='bbox 723 3109 830 3163; x_wconf 66' lang='lat' dir='ltr'><strong>triecio</strong></span> <span class='ocrx_word' id='word_1_262' title='bbox 850 3109 919 3162; x_wconf 86' lang='lat' dir='ltr'><strong>Abc</strong></span> <span class='ocrx_word' id='word_1_263' title='bbox 937 3109 1014 3162; x_wconf 81' lang='lat' dir='ltr'><strong>texto</strong></span> <span class='ocrx_word' id='word_1_264' title='bbox 1033 3106 1063 3159; x_wconf 78' lang='lat' dir='ltr'><strong>V:</strong></span> <span class='ocrx_word' id='word_1_265' title='bbox 1103 3106 1152 3160; x_wconf 80' lang='lat' dir='ltr'><strong>‘Ia</strong></span> <span class='ocrx_word' id='word_1_266' title='bbox 1170 3107 1343 3176; x_wconf 64' lang='lat' dir='ltr'><strong>oraminibus</strong></span> 
     </span>
     <span class='ocr_line' id='line_1_28' title="bbox 197 3197 1344 3265; baseline 0.003 -18"><span class='ocrx_word' id='word_1_267' title='bbox 197 3198 375 3251; x_wconf 77' lang='lat' dir='ltr'><strong>octoatc&#39;mimc&#39;</strong></span> <span class='ocrx_word' id='word_1_268' title='bbox 399 3200 515 3253; x_wconf 79' lang='lat' dir='ltr'><strong>codices:</strong></span> <span class='ocrx_word' id='word_1_269' title='bbox 539 3216 600 3252; x_wconf 78' lang='lat' dir='ltr'><strong>com</strong></span> <span class='ocrx_word' id='word_1_270' title='bbox 623 3212 675 3265; x_wconf 78' lang='lat' dir='ltr'><strong>quo</strong></span> <span class='ocrx_word' id='word_1_271' title='bbox 699 3197 771 3249; x_wconf 78' lang='lat' dir='ltr'><strong>icccc</strong></span> <span class='ocrx_word' id='word_1_272' title='bbox 793 3202 917 3250; x_wconf 68' lang='lat' dir='ltr'><strong>nostram</strong></span> <span class='ocrx_word' id='word_1_273' title='bbox 940 3197 1152 3264; x_wconf 74' lang='lat' dir='ltr'><strong>conferebamus:</strong></span> <span class='ocrx_word' id='word_1_274' title='bbox 1176 3197 1242 3250; x_wconf 83' lang='lat' dir='ltr'><strong>baec</strong></span> <span class='ocrx_word' id='word_1_275' title='bbox 1265 3202 1344 3251; x_wconf 71' lang='lat' dir='ltr'><strong>cram</strong></span> 
     </span>
     <span class='ocr_line' id='line_1_29' title="bbox 197 3284 1343 3353; baseline 0.003 -17"><span class='ocrx_word' id='word_1_276' title='bbox 197 3286 319 3353; x_wconf 64' lang='lat' dir='ltr'><strong>aecrcbto</strong></span> <span class='ocrx_word' id='word_1_277' title='bbox 337 3287 422 3341; x_wconf 80' lang='lat' dir='ltr'><strong>cerba</strong></span> <span class='ocrx_word' id='word_1_278' title='bbox 445 3287 488 3339; x_wconf 85' lang='lat' dir='ltr'><strong>bic</strong></span> <span class='ocrx_word' id='word_1_279' title='bbox 507 3285 624 3339; x_wconf 80' lang='lat' dir='ltr'><strong>ciusdem</strong></span> <span class='ocrx_word' id='word_1_280' title='bbox 643 3284 754 3337; x_wconf 78' lang='lat' dir='ltr'><strong>librarii</strong></span> <span class='ocrx_word' id='word_1_281' title='bbox 771 3301 857 3338; x_wconf 78' lang='lat' dir='ltr'><strong>mcccc</strong></span> <span class='ocrx_word' id='word_1_282' title='bbox 875 3285 923 3352; x_wconf 72' lang='lat' dir='ltr'><strong>qui</strong></span> <span class='ocrx_word' id='word_1_283' title='bbox 946 3289 970 3338; x_wconf 83' lang='lat' dir='ltr'><strong>ct</strong></span> <span class='ocrx_word' id='word_1_284' title='bbox 988 3285 1077 3353; x_wconf 79' lang='lat' dir='ltr'><strong>ipsam</strong></span> <span class='ocrx_word' id='word_1_285' title='bbox 1096 3285 1276 3353; x_wconf 77' lang='lat' dir='ltr'><strong>descripserat</strong></span> <span class='ocrx_word' id='word_1_286' title='bbox 1295 3284 1343 3340; x_wconf 82' lang='lat' dir='ltr'><strong>Oo-</strong></span> 
     </span>
     <span class='ocr_line' id='line_1_30' title="bbox 197 3371 1343 3450; baseline 0.002 -24"><span class='ocrx_word' id='word_1_287' title='bbox 197 3374 298 3427; x_wconf 79' lang='lat' dir='ltr'><strong>dc&#39;ccm:</strong></span> <span class='ocrx_word' id='word_1_288' title='bbox 318 3405 350 3414; x_wconf 86' lang='lat'><em>-</em></span> <span class='ocrx_word' id='word_1_289' title='bbox 370 3391 453 3446; x_wconf 71' lang='lat' dir='ltr'>v3.=</span> <span class='ocrx_word' id='word_1_290' title='bbox 474 3375 535 3427; x_wconf 88' lang='lat' dir='ltr'><strong>Huc</strong></span> <span class='ocrx_word' id='word_1_291' title='bbox 553 3386 619 3441; x_wconf 60' lang='lat' dir='ltr'><strong>usqt</strong></span> <span class='ocrx_word' id='word_1_292' title='bbox 651 3373 654 3442; x_wconf 60' lang='grc' dir='ltr'>ἶ</span> <span class='ocrx_word' id='word_1_293' title='bbox 683 3373 717 3426; x_wconf 90' lang='lat' dir='ltr'><strong>de</strong></span> <span class='ocrx_word' id='word_1_294' title='bbox 736 3373 843 3426; x_wconf 85' lang='lat' dir='ltr'><strong>duobus</strong></span> <span class='ocrx_word' id='word_1_295' title='bbox 874 3371 877 3442; x_wconf 65' lang='lat' dir='ltr'><strong>i</strong></span> <span class='ocrx_word' id='word_1_296' title='bbox 907 3371 1054 3427; x_wconf 80' lang='lat' dir='ltr'><strong>emendaui</strong></span> <span class='ocrx_word' id='word_1_297' title='bbox 1084 3373 1087 3444; x_wconf 68' lang='lat' dir='ltr'><strong>i</strong></span> <span class='ocrx_word' id='word_1_298' title='bbox 1117 3372 1183 3427; x_wconf 87' lang='lat' dir='ltr'><strong>hino</strong></span> <span class='ocrx_word' id='word_1_299' title='bbox 1202 3373 1238 3428; x_wconf 85' lang='lat' dir='ltr'><strong>de</strong></span> <span class='ocrx_word' id='word_1_300' title='bbox 1257 3391 1312 3429; x_wconf 90' lang='lat' dir='ltr'><strong>uno</strong></span> <span class='ocrx_word' id='word_1_301' title='bbox 1338 3378 1343 3450; x_wconf 84' lang='grc' dir='ltr'>Ι</span> 
     </span>
     <span class='ocr_line' id='line_1_31' title="bbox 198 3460 1344 3534; baseline 0.003 -20"><span class='ocrx_word' id='word_1_302' title='bbox 198 3462 366 3532; x_wconf 78' lang='lat' dir='ltr'><strong>exempla-rio</strong></span> <span class='ocrx_word' id='word_1_303' title='bbox 395 3463 398 3534; x_wconf 69' lang='lat' dir='ltr'><strong>i</strong></span> <span class='ocrx_word' id='word_1_304' title='bbox 424 3460 546 3515; x_wconf 79' lang='lat' dir='ltr'><strong>ianium’</strong></span> <span class='ocrx_word' id='word_1_305' title='bbox 567 3461 599 3513; x_wconf 79' lang='lat' dir='ltr'><strong>io</strong></span> <span class='ocrx_word' id='word_1_306' title='bbox 616 3461 741 3530; x_wconf 65' lang='lat' dir='ltr'><strong>maraine</strong></span> <span class='ocrx_word' id='word_1_307' title='bbox 759 3461 906 3528; x_wconf 73' lang='lat' dir='ltr'><strong>adscripsit</strong></span> <span class='ocrx_word' id='word_1_308' title='bbox 925 3460 959 3513; x_wconf 90' lang='lat' dir='ltr'><strong>P.</strong></span> <span class='ocrx_word' id='word_1_309' title='bbox 978 3462 1069 3516; x_wconf 83' lang='lat' dir='ltr'><strong>cadem</strong></span> <span class='ocrx_word' id='word_1_310' title='bbox 1088 3462 1231 3516; x_wconf 77' lang='lat' dir='ltr'><strong>adnotavit</strong></span> <span class='ocrx_word' id='word_1_311' title='bbox 1256 3462 1344 3517; x_wconf 83' lang='lat' dir='ltr'><strong>Victo·</strong></span> 
     </span>
    </p>

    <p class='ocr_par' dir='ltr' id='par_1_9' title="bbox 163 3549 1344 3620">
     <span class='ocr_line' id='line_1_32' title="bbox 163 3549 1344 3620; baseline 0.002 -16"><span class='ocrx_word' id='word_1_312' title='bbox 163 3555 166 3561; x_wconf 86' lang='lat'>&#39;</span> <span class='ocrx_word' id='word_1_313' title='bbox 198 3552 266 3618; x_wconf 80' lang='lat' dir='ltr'><strong>rius,</strong></span> <span class='ocrx_word' id='word_1_314' title='bbox 293 3552 409 3607; x_wconf 79' lang='lat' dir='ltr'><strong>‘Contra</strong></span> <span class='ocrx_word' id='word_1_315' title='bbox 432 3552 504 3603; x_wconf 76' lang='lat' dir='ltr'><strong>acac</strong></span> <span class='ocrx_word' id='word_1_316' title='bbox 527 3549 613 3603; x_wconf 77' lang='lat' dir='ltr'><strong>locum</strong></span> <span class='ocrx_word' id='word_1_317' title='bbox 636 3551 667 3604; x_wconf 81' lang='lat' dir='ltr'><strong>irc</strong></span> <span class='ocrx_word' id='word_1_318' title='bbox 689 3551 814 3619; x_wconf 68' lang='lat' dir='ltr'><strong>marciae</strong></span> <span class='ocrx_word' id='word_1_319' title='bbox 835 3551 1022 3616; x_wconf 75' lang='lat' dir='ltr'><strong>uetustissimi,</strong></span> <span class='ocrx_word' id='word_1_320' title='bbox 1039 3552 1241 3620; x_wconf 68' lang='lat' dir='ltr'><strong>fidelissimique</strong></span> <span class='ocrx_word' id='word_1_321' title='bbox 1260 3568 1344 3606; x_wconf 78' lang='lat' dir='ltr'><strong>cccm-</strong></span> 
     </span>
    </p>

    <p class='ocr_par' dir='ltr' id='par_1_10' title="bbox 194 3638 1349 3798">
     <span class='ocr_line' id='line_1_33' title="bbox 194 3638 1344 3709; baseline 0.001 -16"><span class='ocrx_word' id='word_1_322' title='bbox 194 3642 287 3708; x_wconf 80' lang='lat' dir='ltr'><strong>piaric</strong></span> <span class='ocrx_word' id='word_1_323' title='bbox 304 3643 370 3695; x_wconf 82' lang='lat' dir='ltr'><strong>boec</strong></span> <span class='ocrx_word' id='word_1_324' title='bbox 388 3639 472 3693; x_wconf 79' lang='lat' dir='ltr'><strong>corbo</strong></span> <span class='ocrx_word' id='word_1_325' title='bbox 491 3638 581 3694; x_wconf 85' lang='lat' dir='ltr'><strong>eodem</strong></span> <span class='ocrx_word' id='word_1_326' title='bbox 599 3655 684 3693; x_wconf 78' lang='lat' dir='ltr'><strong>mccc</strong></span> <span class='ocrx_word' id='word_1_327' title='bbox 703 3641 806 3708; x_wconf 63' lang='lat' dir='ltr'><strong>scribta</strong></span> <span class='ocrx_word' id='word_1_328' title='bbox 819 3644 898 3694; x_wconf 77' lang='lat' dir='ltr'><strong>suot:</strong></span> <span class='ocrx_word' id='word_1_329' title='bbox 916 3640 982 3694; x_wconf 74' lang='lat' dir='ltr'><strong>Huc</strong></span> <span class='ocrx_word' id='word_1_330' title='bbox 995 3656 1079 3709; x_wconf 78' lang='lat' dir='ltr'><strong>caque</strong></span> <span class='ocrx_word' id='word_1_331' title='bbox 1092 3641 1124 3694; x_wconf 84' lang='lat' dir='ltr'><strong>dc</strong></span> <span class='ocrx_word' id='word_1_332' title='bbox 1139 3641 1246 3694; x_wconf 80' lang='lat' dir='ltr'><strong>duobus</strong></span> <span class='ocrx_word' id='word_1_333' title='bbox 1260 3658 1344 3695; x_wconf 81' lang='lat' dir='ltr'><strong>emen-</strong></span> 
     </span>
     <span class='ocr_line' id='line_1_34' title="bbox 201 3728 1349 3798; baseline 0.001 -17"><span class='ocrx_word' id='word_1_334' title='bbox 201 3730 280 3793; x_wconf 71' lang='lat' dir='ltr'><strong>dam,</strong></span> <span class='ocrx_word' id='word_1_335' title='bbox 298 3730 362 3782; x_wconf 78' lang='lat' dir='ltr'><strong>biae</strong></span> <span class='ocrx_word' id='word_1_336' title='bbox 380 3728 413 3782; x_wconf 81' lang='lat' dir='ltr'><strong>dc</strong></span> <span class='ocrx_word' id='word_1_337' title='bbox 431 3743 487 3781; x_wconf 79' lang='lat' dir='ltr'><strong>uno</strong></span> <span class='ocrx_word' id='word_1_338' title='bbox 506 3729 670 3796; x_wconf 76' lang='lat' dir='ltr'><strong>exemplario</strong></span> <span class='ocrx_word' id='word_1_339' title='bbox 684 3728 801 3783; x_wconf 78' lang='lat' dir='ltr'><strong>taotcm’</strong></span> <span class='ocrx_word' id='word_1_340' title='bbox 876 3745 1029 3798; x_wconf 78' lang='lat' dir='ltr'><strong>percoquas</strong></span> <span class='ocrx_word' id='word_1_341' title='bbox 1045 3730 1101 3783; x_wconf 85' lang='lat' dir='ltr'><strong>beo</strong></span> <span class='ocrx_word' id='word_1_342' title='bbox 1119 3745 1252 3797; x_wconf 80' lang='lat' dir='ltr'><strong>percocas</strong></span> <span class='ocrx_word' id='word_1_343' title='bbox 1270 3730 1349 3796; x_wconf 73' lang='lat' dir='ltr'><strong>Pas</strong></span> 
     </span>
    </p>

    <p class='ocr_par' dir='ltr' id='par_1_11' title="bbox 202 3813 1344 4068">
     <span class='ocr_line' id='line_1_35' title="bbox 272 3813 1344 3890; baseline 0.002 -21"><span class='ocrx_word' id='word_1_344' title='bbox 272 3823 305 3871; x_wconf 88' lang='lat'><strong>10</strong></span> <span class='ocrx_word' id='word_1_345' title='bbox 325 3815 428 3871; x_wconf 79' lang='lat' dir='ltr'><strong>exmiio</strong></span> <span class='ocrx_word' id='word_1_346' title='bbox 447 3822 560 3886; x_wconf 74' lang='lat' dir='ltr'><strong>utroque</strong></span> <span class='ocrx_word' id='word_1_347' title='bbox 578 3819 635 3872; x_wconf 84' lang='lat' dir='ltr'><strong>loco</strong></span> <span class='ocrx_word' id='word_1_348' title='bbox 649 3818 690 3884; x_wconf 90' lang='lat' dir='ltr'><strong>A,</strong></span> <span class='ocrx_word' id='word_1_349' title='bbox 704 3813 758 3873; x_wconf 65' lang='lat' dir='ltr'><strong>xobi</strong></span> <span class='ocrx_word' id='word_1_350' title='bbox 776 3817 858 3873; x_wconf 87' lang='lat' dir='ltr'><strong>melle</strong></span> <span class='ocrx_word' id='word_1_351' title='bbox 879 3850 911 3856; x_wconf 95' lang='lat'><em>-</em></span> <span class='ocrx_word' id='word_1_352' title='bbox 933 3817 1037 3873; x_wconf 81' lang='lat' dir='ltr'><strong>exmito</strong></span> <span class='ocrx_word' id='word_1_353' title='bbox 1055 3819 1087 3872; x_wconf 79' lang='lat' dir='ltr'><strong>in</strong></span> <span class='ocrx_word' id='word_1_354' title='bbox 1101 3820 1225 3887; x_wconf 67' lang='lat' dir='ltr'><strong>marciae</strong></span> <span class='ocrx_word' id='word_1_355' title='bbox 1239 3821 1344 3890; x_wconf 73' lang='lat' dir='ltr'><strong>scripta</strong></span> 
     </span>
     <span class='ocr_line' id='line_1_36' title="bbox 202 3906 1344 3977; baseline 0.003 -18"><span class='ocrx_word' id='word_1_356' title='bbox 202 3912 268 3960; x_wconf 78' lang='lat' dir='ltr'><strong>scot</strong></span> <span class='ocrx_word' id='word_1_357' title='bbox 342 3913 373 3960; x_wconf 90' lang='lat'><strong>11</strong></span> <span class='ocrx_word' id='word_1_358' title='bbox 393 3906 506 3961; x_wconf 82' lang='lat' dir='ltr'><strong>ini&#39;riaio</strong></span> <span class='ocrx_word' id='word_1_359' title='bbox 531 3907 586 3961; x_wconf 86' lang='lat' dir='ltr'><strong>VR</strong></span> <span class='ocrx_word' id='word_1_360' title='bbox 605 3907 735 3962; x_wconf 78' lang='lat' dir='ltr'><strong>ini&#39;ricato</strong></span> <span class='ocrx_word' id='word_1_361' title='bbox 754 3906 783 3961; x_wconf 82' lang='lat' dir='ltr'><strong><em>A</em></strong></span> <span class='ocrx_word' id='word_1_362' title='bbox 860 3913 892 3961; x_wconf 81' lang='lat'><strong>12</strong></span> <span class='ocrx_word' id='word_1_363' title='bbox 914 3906 1027 3977; x_wconf 83' lang='lat' dir='ltr'><strong>lingulis</strong></span> <span class='ocrx_word' id='word_1_364' title='bbox 1047 3908 1202 3975; x_wconf 78' lang='lat' dir='ltr'><strong>Iucundos,</strong></span> <span class='ocrx_word' id='word_1_365' title='bbox 1221 3907 1344 3976; x_wconf 73' lang='lat' dir='ltr'><strong>lingulas</strong></span> 
     </span>
     <span class='ocr_line' id='line_1_37' title="bbox 205 3995 697 4068; baseline 0.004 -20"><span class='ocrx_word' id='word_1_366' title='bbox 205 3995 298 4050; x_wconf 80' lang='lat' dir='ltr'><strong><em>VAR.</em></strong></span> <span class='ocrx_word' id='word_1_367' title='bbox 327 3999 443 4064; x_wconf 71' lang='lat' dir='ltr'><strong>sortasse</strong></span> <span class='ocrx_word' id='word_1_368' title='bbox 461 3997 582 4068; x_wconf 77' lang='lat' dir='ltr'><strong>lingulas</strong></span> <span class='ocrx_word' id='word_1_369' title='bbox 601 3997 697 4051; x_wconf 83' lang='lat' dir='ltr'><strong>addito</strong></span> 
     </span>
    </p>

    <p class='ocr_par' dir='ltr' id='par_1_12' title="bbox 199 4085 1345 4424">
     <span class='ocr_line' id='line_1_38' title="bbox 272 4085 1345 4156; baseline 0.002 -16"><span class='ocrx_word' id='word_1_370' title='bbox 272 4095 303 4142; x_wconf 86' lang='lat'><strong>13</strong></span> <span class='ocrx_word' id='word_1_371' title='bbox 327 4089 360 4142; x_wconf 88' lang='lat' dir='ltr'><strong>R.</strong></span> <span class='ocrx_word' id='word_1_372' title='bbox 383 4087 564 4142; x_wconf 87' lang='lat' dir='ltr'>LXXXXIIII</span> <span class='ocrx_word' id='word_1_373' title='bbox 586 4087 699 4141; x_wconf 80' lang='lat' dir='ltr'><strong>Pultem</strong></span> <span class='ocrx_word' id='word_1_374' title='bbox 717 4085 848 4156; x_wconf 83' lang='lat' dir='ltr'><strong>punicam</strong></span> <span class='ocrx_word' id='word_1_375' title='bbox 869 4086 909 4141; x_wconf 84' lang='lat' dir='ltr'><strong>sic</strong></span> <span class='ocrx_word' id='word_1_376' title='bbox 926 4086 1012 4141; x_wconf 78' lang='lat' dir='ltr'><strong>facito</strong></span> <span class='ocrx_word' id='word_1_377' title='bbox 1032 4086 1112 4141; x_wconf 87' lang='lat' dir='ltr'><strong>AVb</strong></span> <span class='ocrx_word' id='word_1_378' title='bbox 1220 4087 1345 4142; x_wconf 74' lang='lat' dir='ltr'><strong>clicaeo</strong></span> 
     </span>
     <span class='ocr_line' id='line_1_39' title="bbox 200 4175 1343 4249; baseline 0 -19"><span class='ocrx_word' id='word_1_379' title='bbox 200 4178 291 4246; x_wconf 82' lang='lat' dir='ltr'><strong>aligae</strong></span> <span class='ocrx_word' id='word_1_380' title='bbox 313 4177 340 4229; x_wconf 92' lang='lat' dir='ltr'><em>P</em></span> <span class='ocrx_word' id='word_1_381' title='bbox 357 4176 431 4246; x_wconf 82' lang='lat' dir='ltr'><strong>elige</strong></span> <span class='ocrx_word' id='word_1_382' title='bbox 451 4178 499 4230; x_wconf 86' lang='lat' dir='ltr'><strong>Ab</strong></span> <span class='ocrx_word' id='word_1_383' title='bbox 519 4177 605 4249; x_wconf 66' lang='lat' dir='ltr'><strong>alligo</strong></span> <span class='ocrx_word' id='word_1_384' title='bbox 625 4193 639 4230; x_wconf 89' lang='lat' dir='ltr'><strong>c</strong></span> <span class='ocrx_word' id='word_1_385' title='bbox 723 4175 870 4244; x_wconf 82' lang='lat' dir='ltr'><strong>inaquam</strong></span> <span class='ocrx_word' id='word_1_386' title='bbox 890 4192 1021 4245; x_wconf 67' lang='lat' dir='ltr'><strong>accersor.</strong></span> <span class='ocrx_word' id='word_1_387' title='bbox 1042 4177 1069 4230; x_wconf 81' lang='lat' dir='ltr'><strong><em>A</em></strong></span> <span class='ocrx_word' id='word_1_388' title='bbox 1160 4182 1193 4229; x_wconf 84' lang='lat'><strong>14</strong></span> <span class='ocrx_word' id='word_1_389' title='bbox 1212 4177 1255 4231; x_wconf 83' lang='lat' dir='ltr'><strong>uti</strong></span> <span class='ocrx_word' id='word_1_390' title='bbox 1270 4177 1343 4231; x_wconf 87' lang='lat' dir='ltr'><strong>bene</strong></span> 
     </span>
     <span class='ocr_line' id='line_1_40' title="bbox 199 4265 1344 4335; baseline 0.002 -17"><span class='ocrx_word' id='word_1_391' title='bbox 199 4266 345 4334; x_wconf 61' lang='grc' dir='ltr'><strong>ΑΒΜ,</strong></span> <span class='ocrx_word' id='word_1_392' title='bbox 365 4267 399 4319; x_wconf 85' lang='lat' dir='ltr'><strong>ut</strong></span> <span class='ocrx_word' id='word_1_393' title='bbox 416 4266 486 4319; x_wconf 89' lang='lat' dir='ltr'><strong>bene</strong></span> <span class='ocrx_word' id='word_1_394' title='bbox 509 4266 535 4319; x_wconf 89' lang='lat' dir='ltr'><em>V</em></span> <span class='ocrx_word' id='word_1_395' title='bbox 622 4265 717 4320; x_wconf 81' lang='lat' dir='ltr'><strong>addito</strong></span> <span class='ocrx_word' id='word_1_396' title='bbox 740 4282 789 4321; x_wconf 86' lang='lat' dir='ltr'><strong>om.</strong></span> <span class='ocrx_word' id='word_1_397' title='bbox 813 4265 901 4321; x_wconf 79' lang='lat' dir='ltr'><strong>VAR</strong></span> <span class='ocrx_word' id='word_1_398' title='bbox 991 4266 1084 4320; x_wconf 89' lang='lat' dir='ltr'><strong>omnia</strong></span> <span class='ocrx_word' id='word_1_399' title='bbox 1102 4283 1157 4320; x_wconf 84' lang='lat' dir='ltr'><strong>una</strong></span> <span class='ocrx_word' id='word_1_400' title='bbox 1175 4266 1344 4335; x_wconf 86' lang='lat' dir='ltr'><strong>permisceto</strong></span> 
     </span>
     <span class='ocr_line' id='line_1_41' title="bbox 200 4353 1344 4424; baseline 0.002 -17"><span class='ocrx_word' id='word_1_401' title='bbox 200 4353 433 4419; x_wconf 81' lang='lat' dir='ltr'><strong>beneARVc&#39;ct.,</strong></span> <span class='ocrx_word' id='word_1_402' title='bbox 452 4355 546 4409; x_wconf 84' lang='lat' dir='ltr'><strong>onmia</strong></span> <span class='ocrx_word' id='word_1_403' title='bbox 564 4372 620 4408; x_wconf 88' lang='lat' dir='ltr'><strong>una</strong></span> <span class='ocrx_word' id='word_1_404' title='bbox 638 4354 707 4408; x_wconf 91' lang='lat' dir='ltr'><strong>bene</strong></span> <span class='ocrx_word' id='word_1_405' title='bbox 727 4353 894 4423; x_wconf 80' lang='lat' dir='ltr'><strong>permisoeio</strong></span> <span class='ocrx_word' id='word_1_406' title='bbox 906 4356 934 4408; x_wconf 94' lang='lat' dir='ltr'><strong><em>P</em></strong></span> <span class='ocrx_word' id='word_1_407' title='bbox 952 4356 1045 4410; x_wconf 87' lang='lat' dir='ltr'><strong>omnia</strong></span> <span class='ocrx_word' id='word_1_408' title='bbox 1062 4356 1133 4411; x_wconf 90' lang='lat' dir='ltr'><strong>bene</strong></span> <span class='ocrx_word' id='word_1_409' title='bbox 1148 4356 1344 4424; x_wconf 81' lang='lat' dir='ltr'><strong>permiscetoo</strong></span> 
     </span>
    </p>

    <p class='ocr_par' dir='ltr' id='par_1_13' title="bbox 273 4442 1107 4500">
     <span class='ocr_line' id='line_1_42' title="bbox 273 4442 1107 4500; baseline 0.004 -4"><span class='ocrx_word' id='word_1_410' title='bbox 273 4449 304 4498; x_wconf 77' lang='lat'><strong>17</strong></span> <span class='ocrx_word' id='word_1_411' title='bbox 324 4444 356 4497; x_wconf 85' lang='lat' dir='ltr'><strong>R.</strong></span> <span class='ocrx_word' id='word_1_412' title='bbox 376 4442 528 4497; x_wconf 90' lang='lat' dir='ltr'>LXXXXV</span> <span class='ocrx_word' id='word_1_413' title='bbox 548 4445 686 4500; x_wconf 83' lang='lat' dir='ltr'><strong>Graneam</strong></span> <span class='ocrx_word' id='word_1_414' title='bbox 705 4444 843 4499; x_wconf 77' lang='lat' dir='ltr'><strong>triticeam</strong></span> <span class='ocrx_word' id='word_1_415' title='bbox 864 4444 902 4499; x_wconf 80' lang='lat' dir='ltr'><strong>sic</strong></span> <span class='ocrx_word' id='word_1_416' title='bbox 922 4445 1006 4499; x_wconf 79' lang='lat' dir='ltr'><strong>tacito</strong></span> <span class='ocrx_word' id='word_1_417' title='bbox 1027 4445 1107 4499; x_wconf 86' lang='lat' dir='ltr'><strong>AVb</strong></span> 
     </span>
    </p>
   </div>
   <div class='ocr_carea' id='block_1_4' title="bbox 0 0 1509 5026">
    <p class='ocr_par' dir='ltr' id='par_1_14' title="bbox 0 0 1509 5026">
     <span class='ocr_line' id='line_1_43' title="bbox 0 0 1509 5026; baseline 0 0"><span class='ocrx_word' id='word_1_418' title='bbox 0 0 1509 5026; x_wconf 95' lang='lat' dir='ltr'><strong> </strong></span> 
     </span>
    </p>
   </div>
  </div>
 </body>
</html>
