3000 5026
615 311 820 368 PRAEFATIO
1238 317 1291 372 vil

146 487 226 540 terea
255 480 388 540 eiusdem
411 479 549 542 Politiani
578 500 664 541 uranu
690 499 777 559 saepe
802 484 832 542 in
856 482 1040 561 marginibus
1064 484 1178 563 singula
1203 484 1290 546 verba

148 589 257 666 scripta
277 595 357 670 sunt,
376 587 485 666 quibus
503 587 551 648 ille
571 590 678 667 partim
694 598 866 668 argumenta
880 608 991 672 rerum,
1006 591 1042 650 de
1058 591 1166 670 quihus
1185 595 1291 673 agitur,

144 693 275 754 breviter
298 694 446 775 indicavit,
470 697 577 774 partim
602 695 690 755 verba
715 698 838 775 antiqua
857 696 902 756 vel
922 696 1020 775 aliquo
1040 699 1127 758 modo
1149 717 1290 760 memora·

145 800 213 862 bilia
244 804 339 862 notari
364 802 456 862 voluit
480 849 487 862 .
510 804 539 862 in
571 801 617 862 his
646 803 733 862 modo
761 812 925 865 atramento
953 804 1042 865 modo
1069 805 1189 868 rubrica
1217 826 1291 869 usus

144 919 216 972 est.
236 928 328 989 pauca
352 918 450 969 autem
475 917 553 988 sunt,
578 928 662 989 qnae,
688 912 825 988 quoniam
850 910 973 971 eandem
998 913 1175 991 scripturam
1201 922 1289 994 atque

144 1025 282 1095 excerpta
306 1015 446 1075 Marciani
470 1016 580 1076 codicis
603 1017 752 1097 relerunt,
785 1016 914 1077 dubitari
941 1026 1040 1097 potest
1063 1037 1100 1079 an
1125 1039 1158 1080 ex
1184 1023 1290 1099 margi-

143 1121 232 1182 nibus
256 1141 344 1183 manu
368 1125 472 1202 scripti
496 1122 564 1183 libri
587 1125 679 1202 petita
703 1126 762 1184 stnt
778 1124 982 1204 ‚reliquorum
1008 1127 1216 1206 scriptura'ab
1240 1147 1289 1188 ex·

143 1231 255 1308 oerptis
282 1232 438 1309 utriusque
466 1231 578 1291 codicis
606 1229 721 1291 diversa
745 1239 805 1314 est,
833 1240 863 1292 et
891 1231 945 1291 alia
975 1231 1093 1310 quidem
1117 1233 1291 1318 Politianus,

142 1343 300 1414 antequam
330 1339 569 1416 manuscriptos
594 1336 687 1398 libros
711 1337 882 1418 adhibebat,
911 1340 1081 1421 scripsisse,
1109 1341 1163 1402 alia
1186 1352 1290 1422 postea

142 1441 291 1503 addidisse
319 1445 437 1505 videtur
458 1493 464 1505 .
484 1445 613 1524 denique
643 1447 730 1506 etiam
755 1449 942 1506 coniecturas
967 1465 1026 1507 non
1050 1447 1145 1508 nullas
1169 1448 1289 1511 rubrica

144 1549 279 1632 quidem,
309 1570 365 1631 qua
394 1554 457 1632 ipsa
485 1555 515 1612 in
545 1555 711 1613 recentiore
742 1572 861 1632 qnoque
886 1553 986 1614 codice
1011 1554 1191 1615 conferendo
1216 1575 1289 1617 usus

142 1665 220 1738 erat,
244 1667 376 1719 exaratas
400 1659 558 1739 adscripsit
582 1708 588 1720 .
613 1679 686 1739 quas
711 1661 897 1721 coniecturas
921 1680 1099 1740 quamquam
1123 1666 1287 1742 anteposita

142 1772 212 1824 nota
237 1768 263 1824 c’
281 1783 295 1823 a
316 1764 494 1827 lectionibus
514 1765 624 1827 codicis
644 1766 787 1848 distinxit,
811 1775 909 1827 tamen
930 1787 987 1827 non
1007 1786 1132 1846 prorsus
1151 1781 1288 1831 accurate

141 1869 206 1929 illas
230 1875 384 1953 separavit,
409 1872 459 1933 sed
480 1892 548 1933 curn
568 1872 650 1933 illum
671 1873 796 1933 alterum
816 1875 949 1934 codicem
969 1893 1003 1934 eo
1023 1876 1146 1936 consilio
1166 1878 1286 1939 adhibu-

139 1979 221 2059 isset,
247 1986 279 2038 ut
302 1989 473 2060 corruptam
498 1983 612 2059 antiqui
636 1981 746 2041 codicis
770 1983 957 2061 scripturam,
982 1984 1006 2040 si
1030 1982 1096 2042 sieri
1118 1994 1228 2063 posset,
1253 2005 1287 2045 ex

140 2104 176 2145 eo
199 2085 370 2147 emendaret
394 2087 558 2167 eodemque
577 2096 730 2167 tempore,
755 2098 787 2147 ut
812 2088 936 2169 videtur,
960 2087 1057 2167 siquid
1081 2091 1144 2167 ipse
1170 2092 1287 2151 coniec-

140 2201 207 2253 tura
230 2195 392 2275 invenerat,
416 2193 608 2277 adscriberet,
632 2213 691 2254 nou
715 2202 895 2276 constanter,
919 2195 989 2274 qnid
1013 2196 1077 2273 ipse
1101 2197 1288 2278 coniecisset,

140 2300 212 2378 quid
231 2303 260 2360 in
281 2319 369 2362 manu
390 2304 501 2382 scripto
520 2301 596 2362 libro
616 2304 788 2384 invenisset,
808 2305 990 2381 significavit.
1020 2301 1160 2362 Marciani
1175 2303 1286 2364 codicis

138 2394 218 2468 idem
248 2410 427 2469 mentionem
456 2410 527 2469 lecit
554 2411 585 2468 in
614 2407 810 2469 miscellaneis
839 2428 863 2469 c.
887 2405 944 2488 35,
973 2411 1050 2469 Nom
1072 2413 1156 2487 quod
1176 2413 1289 2472 babent

139 2518 239 2588 etium,
264 2519 317 2590 qui
334 2521 486 2591 putantur
505 2518 741 2576 emendatissimi
758 2518 887 2588 coelicae,
910 2519 941 2575 in
961 2517 1172 2593 Ephemeridis
1184 2521 1286 2577 uersi-

141 2624 209 2696 bus,
234 2615 330 2703 (Varr.
350 2639 376 2681 r.
395 2639 419 2681 r.
438 2621 451 2679 Ι
470 2614 542 2703 48),
567 2625 624 2682 boe
647 2640 703 2697 eoo
728 2624 759 2681 in
783 2625 983 2683 venerandae
1005 2627 1165 2683 uetustatis
1188 2642 1286 2685 exem-

138 2732 226 2804 plari
238 2749 255 2789 e
265 2730 392 2805 publice
404 2732 503 2803 pectis
514 2730 656 2790 Medione
670 2731 851 2790 bibliotheca
865 2732 910 2790 sic
925 2733 1062 2790 inuenio:
1077 2731 1114 2790 In
1124 2732 1290 2793 Euhemeri
1334 2795 1337 2800 ,

141 2837 228 2896 libris
251 2839 359 2897 uersis.
1333 2826 1336 2831 ¹

188 2996 192 3002 .
228 2940 374 3020 Excerpta
394 2944 551 3020 utriusque
572 2940 682 3000 codicis
703 2939 739 2999 ab
754 2940 883 2999 Henrico
898 2940 1105 3002 Brenkmanno
1126 2952 1199 3024 turn,
1218 2964 1286 3005 oum

139 3048 277 3108 Politiani
300 3047 375 3108 liber
393 3048 560 3108 Florentiae
585 3056 657 3126 erat,
681 3046 830 3125 descripta
854 3046 958 3107 habuit
973 3047 1123 3107 Gesnerns
1143 3068 1236 3126 caque
1257 3054 1286 3109 in

138 3173 223 3216 suam
238 3154 398 3216 editionem
414 3157 544 3234 recepit.
555 3157 652 3232 ipsum
668 3152 777 3213 librum
794 3162 856 3214 turn
871 3156 901 3213 in
917 3156 1015 3231 magni
1029 3153 1114 3214 ducis
1129 3153 1286 3215 Hetruriae

138 3262 319 3323 bibliotheca
348 3263 439 3323 luisse
469 3264 589 3341 scripsit
612 3263 643 3321 in
666 3261 848 3340 praelatione
872 3281 902 3340 p.
927 3260 988 3341 XX,
1011 3280 1116 3340 parum
1140 3272 1287 3361 accnrpte,

135 3378 173 3431 ut
195 3368 314 3430 videtur
329 3416 335 3429 .
351 3388 417 3429 nam
442 3369 617 3448 Bandinins,
647 3369 698 3446 qni
722 3369 801 3428 inter
825 3370 987 3447 scrIptores
1011 3386 1026 3426 a
1050 3367 1194 3429 Politiano
1218 3389 1285 3430 cum

137 3476 225 3536 libris
248 3493 337 3536 manu
358 3478 476 3555 scriptIs
497 3474 618 3535 collatos
638 3474 713 3534 hanc
734 3476 914 3552 scriptorum
933 3477 977 3534 rei
992 3476 1122 3535 rusticae
1138 3476 1286 3537 editonenr

134 3586 251 3664 posuit,
274 3582 505 3662 Ragionamentn
529 3583 651 3642 istorico
677 3599 763 3660 sopra
786 3581 813 3641 le
838 3581 989 3642 oollazinni
1013 3581 1088 3641 delle
1114 3581 1285 3642 Florentine

135 3691 278 3771 pandette
303 3691 374 3751 latte
399 3689 434 3748 da
453 3689 563 3767 Angelo
587 3688 735 3748 Poliziano
759 3687 886 3748 Livorno
905 3707 929 3748 a.
953 3686 1038 3750 1762
1055 3708 1084 3768 p.
1100 3685 1155 3795 67,
1176 3687 1285 3749 libram

135 3799 210 3858 vidit
238 3801 269 3857 in
298 3796 477 3857 bibliotheca
506 3795 613 3856 nobilis
642 3795 768 3856 familiae
791 3795 994 3856 llioasolorum
1019 3843 1025 3855 .
1050 3797 1137 3855 cuius‘
1160 3796 1284 3857 lamiliae

75 3892 80 3899 ¹
135 3907 253 3984 insigne
277 3903 462 3983 gentilicium
486 3921 553 3963 aere
578 3921 751 3982 expressum
776 3904 863 3962 etiam
888 3921 967 3963 nunc
990 3905 1020 3961 in
1040 3884 1182 3962 interiore
1201 3912 1285 3982 parte

139 4014 304 4090 tegumenti
328 4013 479 4071 invenitur
494 4058 500 4070 .
515 4029 552 4070 ex
570 4010 734 4070 hereditate
754 4008 958 4069 Ricasolorum
977 4006 1151 4068 Buturlinus
1170 4008 1285 4069 Russus

141 4137 167 4180 a.
192 4117 286 4200 1818,
310 4137 378 4178 cum
401 4118 567 4177 Florentiae
592 4116 683 4177 libros
708 4124 864 4195 coemeret,
889 4131 1038 4173 unacum
1063 4111 1127 4172 aliis
1152 4115 1284 4174 eiusdem

74 4252 75 4255 ¹
139 4226 264 4286 familiae
288 4224 372 4285 libris
394 4225 475 4285 hunc
499 4243 617 4304 quoque
641 4226 737 4302 pretio
766 4224 832 4283 dato
864 4219 920 4280 sihi
942 4221 1056 4299 paravit
1080 4267 1086 4279 .
1111 4239 1167 4300 qua
1191 4221 1227 4281 de
1252 4241 1284 4282 re

137 4335 344 4395 testimonium
360 4342 496 4412 acceptae
515 4333 659 4411 pecuniae
678 4351 693 4391 a
713 4339 906 4410 procuratore
921 4327 1125 4388 Ricasolorum
1140 4331 1283 4408 scriptum

135 4448 169 4502 et
191 4449 261 4521 post
283 4442 398 4520 insigne
423 4439 548 4500 familiae
573 4438 652 4517 quod
677 4439 737 4498 dixi
754 4439 812 4516 ipsi
830 4435 907 4499 libro
926 4436 1089 4516 praelixam
1109 4444 1283 4513 est.postea
