3000 5026
428 345 557 400 RERVM
576 344 811 401 RVSTIGARVM
829 345 896 400 LlB.
916 348 929 400 Ι
949 340 1070 399 19-22
1258 347 1322 410 159

178 512 252 572 dum
276 518 309 572 ut
331 513 429 573 inania
451 516 581 592 primum
605 514 715 574 ducant
737 513 869 592 plaustra
893 522 934 595 et,
963 517 989 574 si
1011 517 1121 596 possis,
1149 532 1203 591 per
1226 515 1322 573 vicum

179 628 231 679 aut
263 619 412 698 oppidum.
463 619 569 681 creber
600 623 732 698 crepitus
765 639 799 680 ac
825 623 952 682 varietas
980 639 1081 682 rerum
1103 621 1324 680 'consuetudine

178 724 373 786 celeberrima
409 727 446 787 ad
482 727 640 788 utilitatem
677 727 805 787 adducit.
862 745 959 806 neque
992 728 1198 806 pertinaciter,
1235 745 1323 804 quem

178 832 286 893 feceris
311 833 461 915 dextrum,
488 835 519 893 io
543 852 577 894 eo
601 834 793 914 manendum,
821 834 913 915 quod,
944 835 968 893 si
993 833 1115 893 alternis
1138 834 1172 893 fit
1194 832 1331 914 sinister,

150 940 212 999 ⁵iit
239 939 385 1009 laboranti
411 942 443 1000 in
470 939 613 1000 alterutra
639 949 723 1019 parte
751 941 879 1019 requies.
926 939 977 1000 ubi
1005 948 1083 1000 terra
1113 939 1199 1020 levis,
1227 947 1261 1000 ut
1286 941 1348 1000 in4

178 1047 348 1128 Campania,
376 1046 419 1107 ibi
447 1065 506 1107 uon
534 1047 632 1108 bubus
660 1048 812 1129 gravibus,
841 1047 893 1107 sed
923 1048 1018 1107 vaccis
1047 1054 1097 1106 aut
1124 1048 1216 1106 asinis
1244 1046 1322 1125 quod

177 1161 276 1236 arant,
304 1173 339 1214 eo
367 1154 483 1214 facilius
510 1155 546 1215 ad
575 1162 705 1215 aratrum
733 1155 797 1215 lere
821 1154 928 1215 adduci
950 1161 1089 1233 possunt,
1118 1153 1153 1213 ad
1178 1153 1270 1213 molas
1294 1164 1324 1213 et

176 1261 213 1320 ad
238 1279 285 1343 ea,
313 1263 414 1339 siquae
438 1268 521 1342 sunt,
551 1263 679 1340 quaein
705 1262 798 1322 fundo
822 1261 1036 1322 convehuntur.
1083 1261 1114 1319 in
1137 1279 1194 1338 qua
1218 1279 1250 1319 re
1274 1260 1324 1319 alii

176 1367 285 1447 asellis,
309 1367 358 1427 alii
380 1369 477 1427 vaccis
500 1386 534 1428 ac
557 1367 645 1429 mulis
668 1376 804 1452 utrrntur,
828 1368 934 1428 exinde
953 1376 987 1428 ut
1005 1365 1107 1446 pabuli
1125 1366 1250 1427 facultas
1269 1375 1323 1427 est.

134 1485 163 1524 1⁰
177 1491 244 1533 nam
268 1474 384 1534 facilius
408 1474 516 1535 asellus
540 1493 628 1554 quam
652 1494 739 1536 vacca
763 1475 864 1556 alitur,
888 1475 940 1536 sed
960 1476 1142 1535 fructuosior
1160 1473 1241 1533 haec.
1288 1475 1347 1534 inb

177 1597 213 1639 eo
242 1580 387 1658 agricolae
415 1581 472 1642 hoc
501 1583 708 1663 spectandum,
737 1602 795 1662 quo
824 1583 941 1660 fastigio
970 1584 1008 1642 sit
1037 1581 1155 1641 fundus,
1202 1581 1233 1639 in
1257 1598 1325 1640 oon·

176 1687 294 1766 fragoso
323 1689 402 1747 euim
430 1688 502 1749 haec
531 1709 564 1750 ac
592 1690 706 1750 difficili
734 1690 894 1752 valentiora
922 1689 1084 1767 parandum
1117 1695 1146 1747 et
1169 1689 1268 1765 potius
1292 1706 1326 1747 ea

177 1811 253 1871 quae
277 1811 332 1871 per
355 1813 387 1854 se
410 1796 541 1855 fructum
565 1797 690 1857 reddere
718 1798 847 1877 possint,
878 1815 945 1856 cum
974 1795 1053 1855 idem
1082 1795 1181 1872 operis
1209 1794 1326 1854 faciant.

267 1899 361 1960 Canes
384 1904 483 1978 potius
506 1921 574 1962 cum
598 1903 739 1981 dignitate
763 1913 792 1964 et
812 1922 895 1963 acres
914 1919 1024 1980 paucos
1043 1900 1210 1961 habendum
1232 1919 1320 1979 quam
1330 1900 1396 1960 XXl

133 2016 161 2057 15
176 1998 296 2086 multos,
316 2025 390 2085 quos
405 2010 608 2070 consuefacias
629 2008 754 2089 [potius]
775 2018 865 2070 noctu
883 2008 1004 2087 vigilare
1020 2015 1050 2068 et
1063 2007 1194 2067 interdiu
1209 2007 1325 2066 clausos

176 2112 317 2174 dormire.
363 2114 399 2173 de
431 2114 582 2177 indomitis
617 2116 849 2195 quadripedibus
882 2135 915 2176 ac
948 2133 1056 2193 pecore
1085 2112 1266 2173 faciendum:
1300 2115 1325 2172 si

175 2227 261 2298 prata
290 2228 360 2280 sunt
388 2223 419 2280 in
451 2222 540 2282 fundo
564 2241 661 2302 neque
684 2241 777 2302 pecus
799 2223 902 2303 habet,
931 2221 1024 2282 danda
1048 2238 1137 2300 opera
1161 2227 1194 2279 ut
1216 2218 1324 2298 pabulo

176 2327 299 2387 vendito
323 2327 451 2388 alienum
475 2347 567 2406 pecus
591 2331 621 2390 in
646 2348 700 2390 suo
724 2331 815 2391 fundo
839 2337 941 2409 pascat
963 2349 997 2389 ac
1021 2326 1157 2389 stabulet.

266 2434 308 2494 De
337 2433 452 2514 reliquo
476 2436 674 2498 instrumento
702 2448 798 2519 muto,
826 2439 856 2497 in
881 2457 939 2517 quo
963 2443 1033 2496 sunt
1056 2433 1208 2514 corbulae,
1236 2433 1410 2514 dolia,XXll

132 2543 221 2601 rosio
255 2540 324 2621 alia,
355 2540 428 2601 haec
461 2544 677 2621 praecipienda.
734 2563 809 2623 quae
842 2548 923 2606 nasci
956 2547 987 2605 in
1020 2542 1111 2604 fundo
1145 2561 1178 2602 ac
1212 2542 1276 2601 fieri
1309 2559 1324 2600 a

175 2648 349 2722 domesticis
373 2655 523 2730 poterunt,
549 2668 653 2710 eorum
674 2652 786 2729 nequid
810 2659 934 2733 ematur,
957 2659 991 2713 ut
1010 2652 1072 2710 fere
1097 2657 1166 2710 sunt
1190 2667 1264 2727 quae
1289 2666 1324 2707 ex

173 2754 337 2815 viminibus
366 2763 395 2815 et
421 2758 544 2816 materia
573 2759 686 2817 rustica
715 2758 803 2838 liunt,
836 2768 870 2818 ut
898 2758 1016 2838 corbes,
1044 2759 1178 2837 fiscinae,
1206 2754 1325 2834 tribula,

174 2861 254 2942 valli,
279 2862 403 2943 rastelli;
427 2865 469 2923 sic
490 2881 564 2942 quae
585 2863 660 2922 frunt
678 2862 714 2922 de
734 2863 867 2946 cannabi,
886 2863 955 2944 lino,
974 2867 1071 2943 iunco,
1091 2863 1197 2943 palmo,
1217 2865 1325 2941 scirpo,

250 3092 284 3139 23
304 3085 343 3140 sic
363 3104 435 3156 quae
455 3086 579 3145 fiuntdc
599 3087 718 3142 cannabi
736 3087 811 3141 Nou.
826 3103 857 3155 p.
877 3091 939 3154 414,
958 3091 996 3143 24

251 3306 265 3354 1
281 3300 387 3372 inania]
402 3301 526 3370 inanima
540 3301 568 3356 A
631 3302 757 3371 plaustro
772 3299 877 3355 ducant
890 3316 959 3354 corr.
974 3299 1079 3354 ducent
1092 3301 1219 3369 plaustro
1233 3300 1261 3353 Β

172 3397 190 3444 2
215 3391 270 3444 aut
293 3389 428 3459 oppidum
453 3391 508 3444 VB
532 3392 581 3445 aut
598 3408 648 3460 per
666 3389 780 3459 opidum
797 3389 826 3443 A
845 3389 894 3443 out
911 3405 962 3458 per
980 3387 1114 3457 oppidum
1131 3407 1159 3445 m
1231 3390 1326 3444 creber

173 3478 302 3548 crepitus
324 3478 386 3533 AB
414 3479 462 3532 ubi
489 3479 586 3533 creber
614 3477 735 3547 crepitus
759 3479 787 3532 P
812 3477 861 3532 ubi
889 3477 985 3532 creber
1008 3478 1129 3548 crepitus
1153 3479 1190 3533 sit
1216 3496 1231 3533 o
1309 3486 1325 3531 3

173 3566 364 3638 celeberrima
386 3585 402 3622 o
433 3568 613 3640 celeberrime
632 3566 661 3619 P
680 3565 846 3620 celeberime
865 3566 894 3621 A
912 3566 1109 3622 celeberrimae
1128 3567 1156 3620 Β
1179 3566 1326 3622 celerrima

177 3657 322 3712 Victorius
384 3662 402 3710 4
425 3658 449 3710 si
473 3657 587 3712 alternis
611 3657 644 3709 fit
660 3656 689 3710 A
713 3657 736 3710 si
761 3652 818 3723 slot
836 3657 951 3710 alternis
970 3658 1002 3710 fit
1019 3657 1047 3712 Β
1066 3655 1090 3710 si
1108 3655 1223 3711 alteruis
1243 3656 1280 3709 sit
1303 3656 1329 3708 V

251 3751 267 3800 6
292 3745 384 3829 bubus
408 3746 464 3800 VA
486 3745 576 3800 bobus
595 3746 623 3799 Β
694 3745 787 3803 uacuis
811 3747 861 3800 aut
879 3746 963 3800 asinis
982 3746 1010 3800 Β
1028 3746 1121 3801 uaccis
1140 3751 1176 3800 air
1195 3744 1280 3799 asinis
1298 3745 1326 3799 A

171 3835 271 3891 naccis
300 3839 329 3890 et
356 3835 442 3890 asinis
467 3834 492 3887 V
562 3840 578 3889 'l
607 3836 717 3889 aratum
736 3835 764 3890 A
836 3839 851 3887 8
880 3833 976 3902 siquae
1005 3836 1070 3889 sunt
1093 3851 1165 3902 quae
1187 3834 1217 3889 in
1239 3835 1326 3888 fundo

172 3923 375 3979 conuehuntur
393 3925 421 3979 B
444 3922 523 3991 sique
546 3925 610 3978 sunt
634 3940 688 3993 que
712 3923 742 3977 in
766 3923 853 3977 fundo
873 3921 1047 3976 conueuntur
1064 3923 1092 3977 A
1111 3923 1190 3994 sique
1210 3924 1275 3975 sunt
1297 3923 1325 3975 in

170 4014 265 4070 fundo
284 4014 477 4069 conuehuntur
494 4012 523 4066 P
543 4010 566 4067 si
580 4029 636 4080 qua
655 4015 721 4066 sunt
739 4011 768 4066 in
784 4013 870 4066 fundo
885 4009 1073 4065 conuehento
1147 4016 1178 4063 1.1
1199 4012 1325 4078 spectan-

171 4105 247 4160 dum
270 4102 332 4158 AB
359 4101 489 4172 spectant
515 4100 542 4154 V
619 4118 674 4170 quo
702 4101 818 4172 fastigio
841 4118 857 4156 o
886 4099 961 4167 quod
987 4094 1103 4166 fastigio
1128 4097 1219 4150 PAB
1293 4103 1324 4150 13

168 4192 287 4249 faciant
308 4191 365 4247 VB
392 4191 500 4244 faciunt
519 4190 577 4244 Am

252 4289 285 4336 16
305 4279 523 4350 quadripedibus
538 4277 630 4335 PAB
644 4279 900 4349 quadrupedibuso
972 4275 1131 4330 laciendum
1145 4274 1205 4328 AB
1219 4272 1325 4331 faciun·
1370 4333 1372 4338 ¹

168 4373 247 4428 dum
264 4387 290 4438 o,
310 4371 405 4425 deleuit
423 4369 545 4438 Scaliper
617 4375 649 4424 17
668 4370 751 4438 prata
770 4368 835 4423 sunt
852 4367 913 4421 AB
930 4367 1012 4434 prata
1030 4365 1087 4419 sint
1109 4363 1134 4417 V

251 4501 287 4550 20
309 4495 391 4565 hoec]
411 4459 452 4550 heo
470 4496 497 4549 A
569 4499 603 4548 23
630 4494 711 4565 ualli]
740 4492 819 4550 malli
845 4493 935 4547 PAB
951 4490 1047 4545 'malci
1069 4506 1085 4544 o
1158 4482 1276 4552 cannabi
1303 4486 1329 4539 V

230 4595 300 4636 Caro
314 4605 346 4634 us
360 4603 419 4634 Auru
433 4605 453 4634 e.
1080 4576 1109 4653 ¹ll
