3000 5026
180 313 222 376 66
674 313 830 368 saronis
887 300 897 314 ‘

21 480 191 540 LXXXVIII!
273 478 400 539 Gallinas
424 487 453 539 et
467 497 588 540 anseres
604 482 646 539 sic
666 480 779 540 larcito.
816 478 938 557 gallmas
954 487 1083 558 teneras,
1108 496 1183 566 quac
1196 479 1327 557 primum

179 587 305 667 parient,
328 586 495 648 concludat*
531 586 640 666 polline
665 588 710 648 vel
733 588 827 647 farina
851 587 1015 647 hordeacea
1039 603 1199 663 consparsa
1223 592 1327 644 turun-

180 693 232 752 das
257 694 356 775 laciat,
380 713 430 756 eas
454 697 485 754 in
509 714 614 774 aquam
637 697 798 774 intinguat,
823 698 853 755 in
877 714 910 754 os
933 694 1027 772 indat,
1052 690 1193 769 paulatim
1218 690 1326 750 cotidie

180 800 280 860 addat:
309 820 344 860 ex
368 801 435 880 gula
460 802 641 882 consideret,
665 802 743 880 qnod
774 803 846 861 satis
875 803 921 861 sit.
963 799 1010 859 bis
1028 801 1068 858 ·in
1098 799 1145 858 dle
1164 799 1275 859 ‚farciat
1298 804 1327 858 et

181 907 304 967 meridie
328 907 430 968 bibere
450 909 531 969 dato:
555 927 592 968 ne
615 908 682 988 plus
706 928 781 988 aqua
805 911 861 968 sita
885 909 941 968 siet
964 907 1067 966 horam
1086 923 1183 965 unam.
1221 904 1324 964 eodem
1350 927 1362 967 0

181 1014 268 1074 modo
292 1033 427 1075 anserem
442 1015 521 1095 alito,
544 1018 603 1075 nisi
617 1019 701 1094 prIus
716 1016 783 1075 (lato
803 1013 905 1075 bibere
920 1023 950 1074 et
965 1013 1010 1073 bis
1029 1015 1061 1072 in
1077 1012 1137 1090 die,
1162 1011 1208 1071 bis
1223 1029 1328 1071 escam.

44 1129 164 1187 bXXXX
271 1121 445 1181 Palumbum
469 1130 619 1181 recentem
638 1125 684 1182 sic
704 1121 829 1196 sarcito.
866 1120 919 1180 ubi
941 1137 1068 1198 prensus
1092 1119 1157 1197 erit,
1182 1120 1210 1177 ci
1233 1117 1328 1177 labam

181 1233 295 1286 coctam
308 1233 416 1287 tostam
431 1228 560 1305 primum
576 1227 657 1308 dato,
682 1245 717 1286 ex
737 1244 788 1286 ore
808 1228 838 1285 in
858 1227 923 1286 eius
938 1243 970 1284 os
985 1225 1100 1304 inllato,
1124 1226 1194 1284 item
1212 1242 1327 1302 aquam.

179 1333 236 1393 hoc
251 1334 315 1393 dies
329 1349 379 1394 vll
403 1334 499 1394 lacito.
536 1341 639 1412 postea
662 1332 758 1393 fabam
782 1334 890 1393 fresam
913 1350 1019 1410 pnram
1043 1338 1073 1390 et
1096 1330 1140 1390 lar
1159 1349 1270 1410 purum
1289 1332 1328 1390 I-

181 1441 239 1499 cito
259 1448 289 1500 et
308 1439 390 1500 labae
414 1442 501 1499 tertia
524 1457 594 1517 pars
617 1447 651 1499 ut
679 1440 871 1518 infervescat,
894 1446 958 1498 tum
988 1437 1033 1496 lar
1055 1437 1189 1517 iustiat,
1213 1440 1329 1515 puriter
1341 1459 1363 1496 n

181 1547 269 1606 lacito
294 1555 323 1607 et
346 1549 466 1626 coquito
490 1546 574 1606 bene.
625 1547 653 1606 id
677 1545 731 1606 ubi
749 1545 919 1624 excluserit,
945 1545 1060 1623 depsito
1084 1544 1168 1623 bene,
1192 1543 1258 1603 oleo
1273 1563 1329 1604 ma·

181 1671 253 1712 ircim
277 1655 410 1732 unguito,
434 1655 564 1730 primum
583 1652 738 1732 pusillum,
762 1644 864 1731 postea
879 1653 972 1729 magis
987 1651 1103 1728 depset,
1128 1649 1192 1709 oleo
1217 1653 1328 1729 tangito

183 1759 372 1840 depsitoque,
400 1759 471 1820 dum
499 1763 609 1840 poterit
637 1761 733 1821 lacere
757 1760 911 1820 turundas.
953 1776 989 1818 ex
1018 1775 1093 1836 aqua
1122 1757 1204 1838 dato,
1232 1777 1328 1818 escam

187 1873 359 1944 temperato.

32 1981 164 2038 nxxxxl
271 1973 377 2033 Aream
402 1974 445 2032 sic
469 1973 566 2034 facito.
603 1974 702 2034 locum
720 1972 772 2034 ubi
792 1973 882 2032 iacies
901 1971 1058 2032 conlodito.
1087 1980 1189 2049 postea
1209 1988 1370 2036 amurcam

183 2083 372 2158 conspargito
387 2080 463 2141 bene
479 2083 627 2159 sinitoque
643 2079 790 2140 conbibat.
813 2087 916 2159 postea
935 2079 1117 2138 conminuito
1130 2077 1231 2156 glebas
1246 2079 1327 2156 bene,

140 2235 143 2246 .
181 2185 289 2246 deinde
320 2194 482 2265 coaequato
514 2195 544 2246 et
574 2186 717 2265 paviculis
750 2186 913 2246 verberato.
955 2193 1056 2264 postea
1084 2186 1181 2245 denuo
1210 2205 1328 2247 amurca

254 2432 286 2481 15
306 2427 407 2481 Aream
427 2427 466 2481 sic
485 2427 571 2482 facito
590 2444 612 2482 c.
631 2432 688 2483 129
707 2428 784 2482 Plio.
803 2431 847 2493 15,
867 2429 911 2482 33.
950 2432 996 2494 18,
1014 2432 1071 2483 295

182 2573 393 2581 -—-—--——-—

253 2666 266 2712 1
292 2659 325 2712 n.
349 2658 542 2713 nxxxxvm
568 2658 693 2714 Gallinas
717 2661 746 2713 et
769 2676 879 2714 anseres
904 2659 942 2713 aa
961 2658 1061 2713 farcito
1082 2639 1177 2728 (flesso
1196 2660 1224 2713 A
1244 2661 1328 2716 factu

181 2749 207 2817 b)
228 2748 308 2802 AVb
399 2755 414 2801 2
434 2747 546 2817 parient
564 2748 717 2816 (11111101,
740 2748 858 2818 perierit
880 2747 911 2815 V,
934 2749 983 2802 ubi
1006 2747 1093 2801 -rient
1115 2750 1273 2804 coniectura
1290 2751 1329 2804 001

181 2853 214 2891 ex
241 2838 325 2892 altero
349 2838 439 2891 codice
461 2839 654 2906 superscripsit
674 2838 834 2894 Politiauus
923 2836 1073 2891 hordeacia
1092 2836 1119 2889 A
1153 2838 1284 2893 ordeacio
1304 2838 1331 2890 P

181 2962 315 3017 ordeacea
334 2962 390 3016 beo
409 2961 592 3028 hordeatinf
668 2929 784 3017 inundes
798 2965 825 3016 A
898 2962 971 3031 300]
989 2961 1039 3016 hos
1055 2965 1081 3015 A
1154 2969 1261 3032 taqua
1276 2962 1330 3016 site

183 3052 238 3106 siet
256 3053 285 3105 P
302 3069 389 3120 equas
407 3051 448 3105 its
467 3050 521 3107 siet
538 3051 620 3106 ARo

252 3141 317 3194 Ili.
342 3139 550 3194 LXXXXVIIII
574 3140 742 3194 Palumbum
765 3143 906 3195 recentem
931 3141 970 3195 sic
994 3142 1095 3196 farciio
1114 3142 1141 3195 A
1154 3141 1197 3195 Vb
1290 3142 1329 3196 010

180 3227 279 3282 farcito
304 3244 353 3283 om.
380 3228 486 3298 PAR,
511 3229 610 3282 001010
699 3228 760 3297 ubi]
785 3229 815 3282 ui
836 3230 905 3295 Pof
927 3232 959 3282 ut
977 3232 1003 3282 A
1026 3230 1096 3285 Viet.
1120 3237 1143 3285 et
1162 3233 1232 3286 0001.
1255 3232 1329 3292 Pou-

182 3354 283 3420 ta'auus,
302 3352 333 3406 in
352 3355 367 3408 b
386 3354 462 3408 utic
553 3357 568 3404 9
588 3351 716 3419 posteam
735 3351 830 3406 fabum
849 3352 876 3405 A
966 3354 1069 3408 fresam
1093 3356 1158 3411 Vbc
1180 3341 1284 3411 froiam
1303 3358 1329 3410 A

181 3443 338 3510 freseamf
423 3448 456 3496 10
479 3440 568 3495 tercia
586 3440 613 3493 A
701 3443 762 3495 tum
786 3441 829 3495 far
847 3441 962 3511 insipiat
981 3443 1044 3496 AR
1072 3461 1134 3497 cum
1153 3445 1196 3498 Iar
1213 3445 1331 3514 insipiat

187 3531 214 3583 P
232 3549 295 3586 cnm
314 3532 357 3585 fai·
375 3529 523 3598 incipiato
542 3545 605 3582 cum
619 3529 727 3585 feruere
740 3529 858 3599 incipiet
871 3531 1023 3586 Iucundos.
1045 3533 1127 3586 ‘Tum
1146 3533 1190 3587 fur
1203 3532 1329 3603 insipiat.

185 3621 263 3675 Haec
281 3627 319 3674 est
337 3620 454 3687 antiqua
473 3618 558 3684 lectio,
577 3636 658 3688 quam
675 3621 757 3674 ualde
771 3620 922 3688 probamus
941 3663 947 3674 .
967 3626 1048 3675 autea
1066 3623 1098 3674 iu
1115 3624 1256 3690 impressis
1273 3640 1329 3677 om-

181 3710 275 3775 uibus,
295 3708 363 3761 Cum
381 3706 491 3761 feruere
509 3707 639 3778 incipiet,
658 3709 728 3763 erut'
755 3709 893 3763 Victorius
981 3711 1098 3776 fortasse
1115 3709 1222 3779 pariter
1241 3711 1328 3766 facito

254 3801 286 3849 11
306 3796 335 3848 id
352 3795 402 3849 ubi
421 3827 454 3835 -
473 3796 544 3850 bene
562 3814 612 3852 om.
628 3798 646 3863 f
712 3797 862 3852 excluserit
877 3798 903 3851 A
923 3799 1071 3853 exclusem's
1088 3799 1155 3853 Pbc
1173 3801 1328 3855 excusseris

180 3900 197 3936 o
261 3884 370 3953 depsito
390 3885 516 3952 chc'ct,
536 3886 664 3955 deposito
683 3902 752 3940 corr.
772 3886 880 3956 depsito
899 3887 926 3939 A
946 3887 1080 3956 deponito
1106 3888 1131 3940 V
1211 3895 1244 3944 12
1264 3908 1328 3959 pus-

184 3971 278 4027 sillum
296 3974 324 4027 A
396 3975 505 4046 depset]
526 3976 625 4045 depses
649 3975 738 4029 VAE
816 3982 848 4030 13
868 3975 1051 4045 depositoque
1072 3992 1140 4029 corr.
1160 3976 1327 4048 depsitoque

181 4060 208 4114 A
288 4063 392 4132 poterit
411 4064 500 4118 PAR
518 4064 623 4133 poteris
641 4082 658 4118 0
749 4081 783 4117 ex
801 4082 875 4133 uque
894 4064 959 4118 dato
979 4081 1071 4119 escam
1089 4067 1247 4133 temperato
1266 4067 1328 4121 AR

181 4167 214 4203 ex
234 4167 307 4220 aqua
326 4151 374 4206 des
393 4168 486 4207 eseam
504 4155 692 4223 temperatam
715 4153 742 4206 V

253 4244 286 4292 15
305 4239 336 4292 R.
358 4240 378 4292 C
397 4240 499 4295 Aream
519 4241 559 4295 sic
577 4242 662 4296 facito
678 4242 761 4296 AVo
844 4249 877 4297 16
896 4244 1057 4298 conbibslc
1075 4244 1189 4298 cobibat
1203 4247 1230 4297 A
1251 4263 1325 4300 com·

181 4325 261 4380 bibat
285 4327 329 4380 Vo
403 4328 555 4384 cominuito
578 4331 642 4384 Vbc
661 4331 802 4385 cominnto
821 4333 848 4384 A
922 4340 954 4387 17
974 4333 1074 4387 deinde
1093 4335 1249 4402 coaequato
1270 4335 1325 4389 1111

181 4413 245 4469 inde
265 4415 377 4484 coquito
395 4417 422 4470 A
