<?xml version="1.0" encoding="UTF-8"?>
<!DOCTYPE html PUBLIC "-//W3C//DTD XHTML 1.0 Transitional//EN"
    "http://www.w3.org/TR/xhtml1/DTD/xhtml1-transitional.dtd">
<html xmlns="http://www.w3.org/1999/xhtml" xml:lang="en" lang="en">
 <head>
  <title>
</title>
<meta http-equiv="Content-Type" content="text/html;charset=utf-8" />
  <meta name='ocr-system' content='tesseract 3.04.00' />
  <meta name='ocr-capabilities' content='ocr_page ocr_carea ocr_par ocr_line ocrx_word'/>
</head>
<body>
  <div class='ocr_page' id='page_1' title='image "./mporcicatonisde01keilgoog_0180.png"; bbox 0 0 3000 5026; ppageno 0'>
   <div class='ocr_carea' id='block_1_1' title="bbox 438 328 1321 394">
    <p class='ocr_par' dir='ltr' id='par_1_1' title="bbox 438 328 1321 394">
     <span class='ocr_line' id='line_1_1' title="bbox 438 328 1321 394; baseline 0.014 -11"><span class='ocrx_word' id='word_1_1' title='bbox 438 328 569 383; x_wconf 81' lang='lat' dir='ltr'>RERVM</span> <span class='ocrx_word' id='word_1_2' title='bbox 587 328 827 384; x_wconf 81' lang='lat' dir='ltr'><strong>RVSTICARVM</strong></span> <span class='ocrx_word' id='word_1_3' title='bbox 844 329 911 386; x_wconf 87' lang='lat' dir='ltr'><strong>LlB.</strong></span> <span class='ocrx_word' id='word_1_4' title='bbox 931 330 944 382; x_wconf 97' lang='lat' dir='ltr'>I</span> <span class='ocrx_word' id='word_1_5' title='bbox 964 332 1037 388; x_wconf 82' lang='lat'><strong>17-</strong></span> <span class='ocrx_word' id='word_1_6' title='bbox 1048 331 1088 385; x_wconf 90' lang='grc'><strong>18</strong></span> <span class='ocrx_word' id='word_1_7' title='bbox 1257 329 1321 394; x_wconf 80' lang='grc'><strong>155</strong></span> 
     </span>
    </p>
   </div>
   <div class='ocr_carea' id='block_1_2' title="bbox 131 495 1348 1866">
    <p class='ocr_par' dir='ltr' id='par_1_2' title="bbox 131 495 1348 1866">
     <span class='ocr_line' id='line_1_2' title="bbox 177 495 1321 575; baseline 0.001 -19"><span class='ocrx_word' id='word_1_8' title='bbox 177 498 243 574; x_wconf 81' lang='lat' dir='ltr'><strong>agri</strong></span> <span class='ocrx_word' id='word_1_9' title='bbox 276 502 305 556; x_wconf 94' lang='lat' dir='ltr'><strong>et</strong></span> <span class='ocrx_word' id='word_1_10' title='bbox 338 513 432 573; x_wconf 82' lang='lat' dir='ltr'><strong>genus</strong></span> <span class='ocrx_word' id='word_1_11' title='bbox 464 497 599 575; x_wconf 87' lang='lat' dir='ltr'><strong>sationis,</strong></span> <span class='ocrx_word' id='word_1_12' title='bbox 632 495 767 557; x_wconf 89' lang='lat' dir='ltr'><strong>scribens</strong></span> <span class='ocrx_word' id='word_1_13' title='bbox 800 497 836 557; x_wconf 90' lang='lat' dir='ltr'><strong>de</strong></span> <span class='ocrx_word' id='word_1_14' title='bbox 869 496 985 558; x_wconf 87' lang='lat' dir='ltr'><strong>olivetis</strong></span> <span class='ocrx_word' id='word_1_15' title='bbox 1009 505 1039 558; x_wconf 95' lang='lat' dir='ltr'><strong>et</strong></span> <span class='ocrx_word' id='word_1_16' title='bbox 1067 497 1161 558; x_wconf 90' lang='lat' dir='ltr'><strong>vineis</strong></span> <span class='ocrx_word' id='word_1_17' title='bbox 1188 506 1221 558; x_wconf 95' lang='lat' dir='ltr'><strong>ut</strong></span> <span class='ocrx_word' id='word_1_18' title='bbox 1249 497 1321 558; x_wconf 88' lang='lat' dir='ltr'><strong>duas</strong></span> 
     </span>
     <span class='ocr_line' id='line_1_3' title="bbox 174 602 1320 684; baseline 0.003 -22"><span class='ocrx_word' id='word_1_19' title='bbox 174 602 331 665; x_wconf 80' lang='lat' dir='ltr'><strong>formulas:</strong></span> <span class='ocrx_word' id='word_1_20' title='bbox 354 621 451 684; x_wconf 78' lang='lat' dir='ltr'><strong>tinam,</strong></span> <span class='ocrx_word' id='word_1_21' title='bbox 475 605 506 663; x_wconf 92' lang='lat' dir='ltr'><strong>in</strong></span> <span class='ocrx_word' id='word_1_22' title='bbox 530 621 588 682; x_wconf 85' lang='lat' dir='ltr'><strong>qua</strong></span> <span class='ocrx_word' id='word_1_23' title='bbox 613 605 766 683; x_wconf 82' lang='lat' dir='ltr'><strong>praecipit,</strong></span> <span class='ocrx_word' id='word_1_24' title='bbox 791 622 848 681; x_wconf 92' lang='lat' dir='ltr'><strong>quo</strong></span> <span class='ocrx_word' id='word_1_25' title='bbox 868 605 955 664; x_wconf 90' lang='lat' dir='ltr'><strong>modo</strong></span> <span class='ocrx_word' id='word_1_26' title='bbox 974 603 1114 664; x_wconf 85' lang='lat' dir='ltr'><strong>olivetum</strong></span> <span class='ocrx_word' id='word_1_27' title='bbox 1135 606 1198 682; x_wconf 84' lang='lat' dir='ltr'><strong>agri</strong></span> <span class='ocrx_word' id='word_1_28' title='bbox 1216 606 1320 683; x_wconf 82' lang='lat' dir='ltr'><strong>iugera</strong></span> 
     </span>
     <span class='ocr_line' id='line_1_4' title="bbox 176 709 1321 790; baseline 0.002 -20"><span class='ocrx_word' id='word_1_29' title='bbox 176 722 267 772; x_wconf 53' lang='lat' dir='ltr'><strong>ccxli</strong></span> <span class='ocrx_word' id='word_1_30' title='bbox 295 711 444 770; x_wconf 87' lang='lat' dir='ltr'><strong>instruere</strong></span> <span class='ocrx_word' id='word_1_31' title='bbox 468 716 611 788; x_wconf 83' lang='lat' dir='ltr'><strong>oporteat.</strong></span> <span class='ocrx_word' id='word_1_32' title='bbox 657 709 730 769; x_wconf 89' lang='lat' dir='ltr'><strong>dicit</strong></span> <span class='ocrx_word' id='word_1_33' title='bbox 754 711 887 770; x_wconf 89' lang='lat' dir='ltr'><strong>enimin</strong></span> <span class='ocrx_word' id='word_1_34' title='bbox 912 728 946 770; x_wconf 90' lang='lat' dir='ltr'><strong>eo</strong></span> <span class='ocrx_word' id='word_1_35' title='bbox 971 711 1057 771; x_wconf 88' lang='lat' dir='ltr'><strong>modo</strong></span> <span class='ocrx_word' id='word_1_36' title='bbox 1080 709 1153 772; x_wconf 88' lang='lat' dir='ltr'><strong>baec</strong></span> <span class='ocrx_word' id='word_1_37' title='bbox 1177 713 1321 790; x_wconf 88' lang='lat' dir='ltr'><strong>mancipia</strong></span> 
     </span>
     <span class='ocr_line' id='line_1_5' title="bbox 174 815 1321 898; baseline 0.001 -21"><span class='ocrx_word' id='word_1_38' title='bbox 174 831 242 877; x_wconf 81' lang='lat' dir='ltr'><strong>xm</strong></span> <span class='ocrx_word' id='word_1_39' title='bbox 256 815 399 896; x_wconf 84' lang='lat' dir='ltr'><strong>habenda,</strong></span> <span class='ocrx_word' id='word_1_40' title='bbox 415 815 542 897; x_wconf 84' lang='lat' dir='ltr'><strong>vilicum,</strong></span> <span class='ocrx_word' id='word_1_41' title='bbox 557 815 681 896; x_wconf 83' lang='lat' dir='ltr'><strong>vilioam,</strong></span> <span class='ocrx_word' id='word_1_42' title='bbox 697 817 848 895; x_wconf 90' lang='lat' dir='ltr'><strong>operarios</strong></span> <span class='ocrx_word' id='word_1_43' title='bbox 863 832 895 896; x_wconf 85' lang='lat' dir='ltr'><strong>v,</strong></span> <span class='ocrx_word' id='word_1_44' title='bbox 910 816 1055 878; x_wconf 92' lang='lat' dir='ltr'><strong>bubulcos</strong></span> <span class='ocrx_word' id='word_1_45' title='bbox 1065 832 1116 898; x_wconf 85' lang='lat'><em>111,</em></span> <span class='ocrx_word' id='word_1_46' title='bbox 1130 820 1291 879; x_wconf 89' lang='lat' dir='ltr'><strong>asinarium</strong></span> <span class='ocrx_word' id='word_1_47' title='bbox 1300 833 1321 898; x_wconf 88' lang='lat'><strong>1,</strong></span> 
     </span>
     <span class='ocr_line' id='line_1_6' title="bbox 146 921 1323 1002; baseline 0.003 -22"><span class='ocrx_word' id='word_1_48' title='bbox 146 922 335 983; x_wconf 78' lang='lat' dir='ltr'><strong>ssubulcum</strong></span> <span class='ocrx_word' id='word_1_49' title='bbox 360 938 381 1002; x_wconf 84' lang='lat'><strong>1,</strong></span> <span class='ocrx_word' id='word_1_50' title='bbox 405 922 566 1002; x_wconf 88' lang='lat' dir='ltr'><strong>opilionem</strong></span> <span class='ocrx_word' id='word_1_51' title='bbox 591 937 612 982; x_wconf 90' lang='lat'><strong>1.</strong></span> <span class='ocrx_word' id='word_1_52' title='bbox 657 921 780 982; x_wconf 88' lang='lat' dir='ltr'><strong>alteram</strong></span> <span class='ocrx_word' id='word_1_53' title='bbox 804 921 960 983; x_wconf 85' lang='lat' dir='ltr'><strong>formulam</strong></span> <span class='ocrx_word' id='word_1_54' title='bbox 984 923 1089 985; x_wconf 81' lang='lat' dir='ltr'><strong>scribit</strong></span> <span class='ocrx_word' id='word_1_55' title='bbox 1112 925 1148 985; x_wconf 87' lang='lat' dir='ltr'><strong>de</strong></span> <span class='ocrx_word' id='word_1_56' title='bbox 1170 927 1323 986; x_wconf 80' lang='lat' dir='ltr'><strong>vinearum</strong></span> 
     </span>
     <span class='ocr_line' id='line_1_7' title="bbox 173 1028 1322 1112; baseline 0.003 -23"><span class='ocrx_word' id='word_1_57' title='bbox 173 1029 329 1108; x_wconf 80' lang='lat' dir='ltr'><strong>iugeribus</strong></span> <span class='ocrx_word' id='word_1_58' title='bbox 353 1043 382 1110; x_wconf 82' lang='lat' dir='ltr'><strong>c,</strong></span> <span class='ocrx_word' id='word_1_59' title='bbox 405 1036 439 1090; x_wconf 92' lang='lat' dir='ltr'><strong>ut</strong></span> <span class='ocrx_word' id='word_1_60' title='bbox 462 1029 541 1089; x_wconf 88' lang='lat' dir='ltr'><strong>dicat</strong></span> <span class='ocrx_word' id='word_1_61' title='bbox 563 1028 668 1088; x_wconf 86' lang='lat' dir='ltr'><strong>haberi</strong></span> <span class='ocrx_word' id='word_1_62' title='bbox 690 1035 830 1105; x_wconf 82' lang='lat' dir='ltr'>oportere</span> <span class='ocrx_word' id='word_1_63' title='bbox 853 1028 927 1090; x_wconf 89' lang='lat' dir='ltr'><strong>baec</strong></span> <span class='ocrx_word' id='word_1_64' title='bbox 950 1043 998 1092; x_wconf 86' lang='lat' dir='ltr'><strong>xv</strong></span> <span class='ocrx_word' id='word_1_65' title='bbox 1015 1033 1170 1112; x_wconf 84' lang='lat' dir='ltr'><strong>mancipia,</strong></span> <span class='ocrx_word' id='word_1_66' title='bbox 1195 1032 1322 1112; x_wconf 85' lang='lat' dir='ltr'><strong>vilicum,</strong></span> 
     </span>
     <span class='ocr_line' id='line_1_8' title="bbox 173 1134 1346 1217; baseline 0.003 -22"><span class='ocrx_word' id='word_1_67' title='bbox 173 1136 305 1217; x_wconf 79' lang='lat' dir='ltr'><strong>vilicum,</strong></span> <span class='ocrx_word' id='word_1_68' title='bbox 332 1138 485 1214; x_wconf 90' lang='lat' dir='ltr'><strong>operarios</strong></span> <span class='ocrx_word' id='word_1_69' title='bbox 508 1151 544 1213; x_wconf 83' lang='lat' dir='ltr'><strong>x,</strong></span> <span class='ocrx_word' id='word_1_70' title='bbox 573 1134 749 1216; x_wconf 85' lang='lat' dir='ltr'><strong>bubulcum,</strong></span> <span class='ocrx_word' id='word_1_71' title='bbox 776 1137 950 1216; x_wconf 87' lang='lat' dir='ltr'><strong>asinarium,</strong></span> <span class='ocrx_word' id='word_1_72' title='bbox 979 1136 1144 1199; x_wconf 88' lang='lat' dir='ltr'><strong>subulcum.</strong></span> <span class='ocrx_word' id='word_1_73' title='bbox 1191 1137 1346 1199; x_wconf 82' lang='lat' dir='ltr'><strong>Saserna2</strong></span> 
     </span>
     <span class='ocr_line' id='line_1_9' title="bbox 173 1240 1321 1320; baseline 0 -16"><span class='ocrx_word' id='word_1_74' title='bbox 173 1242 280 1304; x_wconf 84' lang='lat' dir='ltr'><strong>scribit</strong></span> <span class='ocrx_word' id='word_1_75' title='bbox 304 1245 375 1303; x_wconf 89' lang='lat' dir='ltr'><strong>satis</strong></span> <span class='ocrx_word' id='word_1_76' title='bbox 399 1261 465 1302; x_wconf 87' lang='lat' dir='ltr'><strong>esse</strong></span> <span class='ocrx_word' id='word_1_77' title='bbox 489 1241 523 1302; x_wconf 89' lang='lat' dir='ltr'><strong>ad</strong></span> <span class='ocrx_word' id='word_1_78' title='bbox 547 1244 650 1320; x_wconf 82' lang='lat' dir='ltr'><strong>iugera</strong></span> <span class='ocrx_word' id='word_1_79' title='bbox 674 1256 739 1304; x_wconf 88' lang='lat' dir='ltr'>v111</span> <span class='ocrx_word' id='word_1_80' title='bbox 763 1240 913 1302; x_wconf 89' lang='lat' dir='ltr'><strong>bominem</strong></span> <span class='ocrx_word' id='word_1_81' title='bbox 936 1261 1043 1304; x_wconf 89' lang='lat' dir='ltr'><strong>unum:</strong></span> <span class='ocrx_word' id='word_1_82' title='bbox 1067 1261 1101 1303; x_wconf 90' lang='lat' dir='ltr'><strong>ea</strong></span> <span class='ocrx_word' id='word_1_83' title='bbox 1124 1243 1233 1304; x_wconf 90' lang='lat' dir='ltr'><strong>debere</strong></span> <span class='ocrx_word' id='word_1_84' title='bbox 1253 1263 1321 1305; x_wconf 89' lang='lat' dir='ltr'><strong>eum</strong></span> 
     </span>
     <span class='ocr_line' id='line_1_10' title="bbox 174 1348 1321 1430; baseline -0.002 -18"><span class='ocrx_word' id='word_1_85' title='bbox 174 1350 336 1412; x_wconf 79' lang='lat' dir='ltr'><strong>confodere</strong></span> <span class='ocrx_word' id='word_1_86' title='bbox 369 1348 474 1409; x_wconf 91' lang='lat' dir='ltr'><strong>dicbus</strong></span> <span class='ocrx_word' id='word_1_87' title='bbox 501 1362 587 1430; x_wconf 76' lang='lat' dir='ltr'>XLV,</span> <span class='ocrx_word' id='word_1_88' title='bbox 619 1351 738 1410; x_wconf 87' lang='lat' dir='ltr'><strong>tametsi</strong></span> <span class='ocrx_word' id='word_1_89' title='bbox 762 1352 919 1428; x_wconf 74' lang='lat' dir='ltr'><strong>quaternis</strong></span> <span class='ocrx_word' id='word_1_90' title='bbox 948 1353 1047 1429; x_wconf 92' lang='lat' dir='ltr'><strong>operis</strong></span> <span class='ocrx_word' id='word_1_91' title='bbox 1077 1351 1191 1428; x_wconf 81' lang='lat' dir='ltr'><strong>singula</strong></span> <span class='ocrx_word' id='word_1_92' title='bbox 1219 1353 1321 1428; x_wconf 82' lang='lat' dir='ltr'><strong>iugera</strong></span> 
     </span>
     <span class='ocr_line' id='line_1_11' title="bbox 131 1454 1323 1539; baseline 0.004 -28"><span class='ocrx_word' id='word_1_93' title='bbox 131 1473 158 1512; x_wconf 86' lang='lat' dir='ltr'><strong>ro</strong></span> <span class='ocrx_word' id='word_1_94' title='bbox 173 1459 284 1538; x_wconf 82' lang='lat' dir='ltr'><strong>possit3</strong></span> <span class='ocrx_word' id='word_1_95' title='bbox 321 1456 374 1517; x_wconf 87' lang='lat' dir='ltr'><strong>scd</strong></span> <span class='ocrx_word' id='word_1_96' title='bbox 411 1454 581 1539; x_wconf 79' lang='lat' dir='ltr'><strong>relinquere</strong></span> <span class='ocrx_word' id='word_1_97' title='bbox 619 1474 650 1515; x_wconf 92' lang='lat' dir='ltr'><strong>se</strong></span> <span class='ocrx_word' id='word_1_98' title='bbox 689 1474 795 1534; x_wconf 89' lang='lat' dir='ltr'><strong>operas</strong></span> <span class='ocrx_word' id='word_1_99' title='bbox 831 1472 896 1518; x_wconf 84' lang='lat' dir='ltr'><strong>xm</strong></span> <span class='ocrx_word' id='word_1_100' title='bbox 934 1456 1108 1536; x_wconf 83' lang='lat' dir='ltr'><strong>valetudini,</strong></span> <span class='ocrx_word' id='word_1_101' title='bbox 1145 1458 1323 1536; x_wconf 86' lang='lat' dir='ltr'><strong>tempestati,</strong></span> 
     </span>
     <span class='ocr_line' id='line_1_12' title="bbox 174 1560 1321 1644; baseline -0.003 -18"><span class='ocrx_word' id='word_1_102' title='bbox 174 1567 316 1644; x_wconf 85' lang='lat' dir='ltr'><strong>inertiae,</strong></span> <span class='ocrx_word' id='word_1_103' title='bbox 344 1561 544 1640; x_wconf 85' lang='lat' dir='ltr'><strong>indiligentiae</strong></span> <span class='ocrx_word' id='word_1_104' title='bbox 570 1560 629 1639; x_wconf 66' lang='grc' dir='ltr'><strong>[Μ.</strong></span> <span class='ocrx_word' id='word_1_105' title='bbox 675 1562 782 1623; x_wconf 91' lang='lat' dir='ltr'><strong>horum</strong></span> <span class='ocrx_word' id='word_1_106' title='bbox 806 1571 913 1624; x_wconf 91' lang='lat' dir='ltr'><strong>neuter</strong></span> <span class='ocrx_word' id='word_1_107' title='bbox 938 1565 1009 1623; x_wconf 90' lang='lat' dir='ltr'><strong>satis</strong></span> <span class='ocrx_word' id='word_1_108' title='bbox 1033 1562 1161 1624; x_wconf 86' lang='lat' dir='ltr'><strong>dilucide</strong></span> <span class='ocrx_word' id='word_1_109' title='bbox 1185 1563 1321 1623; x_wconf 92' lang='lat' dir='ltr'><strong>modulos</strong></span> 
     </span>
     <span class='ocr_line' id='line_1_13' title="bbox 174 1650 1348 1759; baseline 0 -27"><span class='ocrx_word' id='word_1_110' title='bbox 174 1669 319 1750; x_wconf 88' lang='lat' dir='ltr'><strong>relinquit</strong></span> <span class='ocrx_word' id='word_1_111' title='bbox 337 1668 432 1750; x_wconf 85' lang='lat' dir='ltr'><strong>nobis,</strong></span> <span class='ocrx_word' id='word_1_112' title='bbox 452 1668 532 1748; x_wconf 94' lang='lat' dir='ltr'><strong>quod</strong></span> <span class='ocrx_word' id='word_1_113' title='bbox 552 1650 632 1749; x_wconf 87' lang='lat' dir='ltr'><strong>Cato,</strong></span> <span class='ocrx_word' id='word_1_114' title='bbox 652 1671 688 1754; x_wconf 67' lang='lat' dir='ltr'><strong>si</strong></span> <span class='ocrx_word' id='word_1_115' title='bbox 696 1669 788 1759; x_wconf 60' lang='lat' dir='ltr'><strong>Qut</strong></span> <span class='ocrx_word' id='word_1_116' title='bbox 807 1677 851 1751; x_wconf 66' lang='lat' dir='ltr'><strong>ut³</strong></span> <span class='ocrx_word' id='word_1_117' title='bbox 860 1667 976 1748; x_wconf 89' lang='lat' dir='ltr'><strong>[debuit</strong></span> <span class='ocrx_word' id='word_1_118' title='bbox 995 1668 1047 1746; x_wconf 90' lang='lat' dir='ltr'><strong>sit]</strong></span> <span class='ocrx_word' id='word_1_119' title='bbox 1062 1673 1267 1756; x_wconf 62' lang='lat' dir='ltr'><strong>proportione</strong></span> <span class='ocrx_word' id='word_1_120' title='bbox 1283 1670 1348 1733; x_wconf 88' lang='lat' dir='ltr'><strong>ad3</strong></span> 
     </span>
     <span class='ocr_line' id='line_1_14' title="bbox 176 1776 1323 1866; baseline -0.001 -28"><span class='ocrx_word' id='word_1_121' title='bbox 176 1779 320 1866; x_wconf 70' lang='lat' dir='ltr'><strong>maiorem</strong></span> <span class='ocrx_word' id='word_1_122' title='bbox 343 1777 467 1860; x_wconf 75' lang='lat' dir='ltr'><strong>lundam</strong></span> <span class='ocrx_word' id='word_1_123' title='bbox 488 1777 685 1865; x_wconf 67' lang='lat' dir='ltr'><strong>&#39;etminorem</strong></span> <span class='ocrx_word' id='word_1_124' title='bbox 705 1776 882 1863; x_wconf 70' lang='lat' dir='ltr'><strong>adderemus</strong></span> <span class='ocrx_word' id='word_1_125' title='bbox 901 1777 1145 1863; x_wconf 58' lang='lat' dir='ltr'><strong>etdemerernus,</strong></span> <span class='ocrx_word' id='word_1_126' title='bbox 1168 1785 1323 1856; x_wconf 87' lang='lat' dir='ltr'><strong>praeterea</strong></span> 
     </span>
    </p>
   </div>
   <div class='ocr_carea' id='block_1_3' title="bbox 133 1881 1323 2071">
    <p class='ocr_par' dir='ltr' id='par_1_3' title="bbox 133 1881 1323 2071">
     <span class='ocr_line' id='line_1_15' title="bbox 176 1881 1323 1963; baseline 0 -19"><span class='ocrx_word' id='word_1_127' title='bbox 176 1892 261 1944; x_wconf 85' lang='lat' dir='ltr'><strong>extra</strong></span> <span class='ocrx_word' id='word_1_128' title='bbox 289 1881 427 1944; x_wconf 84' lang='lat' dir='ltr'><strong>lamiliaur</strong></span> <span class='ocrx_word' id='word_1_129' title='bbox 453 1882 557 1943; x_wconf 90' lang='lat' dir='ltr'><strong>debuit</strong></span> <span class='ocrx_word' id='word_1_130' title='bbox 581 1882 680 1943; x_wconf 86' lang='lat' dir='ltr'><strong>dicere</strong></span> <span class='ocrx_word' id='word_1_131' title='bbox 693 1883 825 1963; x_wconf 68' lang='lat' dir='ltr'><strong>,vilicum</strong></span> <span class='ocrx_word' id='word_1_132' title='bbox 849 1891 879 1944; x_wconf 90' lang='lat' dir='ltr'><strong>et</strong></span> <span class='ocrx_word' id='word_1_133' title='bbox 901 1883 1025 1945; x_wconf 79' lang='lat' dir='ltr'><strong>vilicum.</strong></span> <span class='ocrx_word' id='word_1_134' title='bbox 1071 1902 1169 1963; x_wconf 85' lang='lat' dir='ltr'><strong>neque</strong></span> <span class='ocrx_word' id='word_1_135' title='bbox 1194 1887 1273 1944; x_wconf 89' lang='lat' dir='ltr'><strong>enirn</strong></span> <span class='ocrx_word' id='word_1_136' title='bbox 1297 1886 1323 1944; x_wconf 93' lang='lat' dir='ltr'><strong>si</strong></span> 
     </span>
     <span class='ocr_line' id='line_1_16' title="bbox 133 1972 1322 2071; baseline 0.003 -25"><span class='ocrx_word' id='word_1_137' title='bbox 133 1994 276 2052; x_wconf 73' lang='lat' dir='ltr'><strong>ruminus</strong></span> <span class='ocrx_word' id='word_1_138' title='bbox 308 2003 398 2052; x_wconf 65' lang='lat' dir='ltr'><strong>ccxl,</strong></span> <span class='ocrx_word' id='word_1_139' title='bbox 426 1991 530 2068; x_wconf 84' lang='lat' dir='ltr'><strong>iugera</strong></span> <span class='ocrx_word' id='word_1_140' title='bbox 558 1989 658 2050; x_wconf 90' lang='lat' dir='ltr'><strong>oliveti</strong></span> <span class='ocrx_word' id='word_1_141' title='bbox 685 1989 777 2071; x_wconf 86' lang='lat' dir='ltr'><strong>colas,</strong></span> <span class='ocrx_word' id='word_1_142' title='bbox 809 2007 868 2050; x_wconf 92' lang='lat' dir='ltr'><strong>non</strong></span> <span class='ocrx_word' id='word_1_143' title='bbox 898 1972 994 2069; x_wconf 83' lang='lat' dir='ltr'><strong>possis</strong></span> <span class='ocrx_word' id='word_1_144' title='bbox 1022 1992 1121 2051; x_wconf 90' lang='lat' dir='ltr'><strong>minus</strong></span> <span class='ocrx_word' id='word_1_145' title='bbox 1150 2009 1208 2050; x_wconf 92' lang='lat' dir='ltr'><strong>uno</strong></span> <span class='ocrx_word' id='word_1_146' title='bbox 1236 1989 1322 2051; x_wconf 89' lang='lat' dir='ltr'><strong>vilico</strong></span> 
     </span>
    </p>
   </div>
   <div class='ocr_carea' id='block_1_4' title="bbox 134 2097 1348 2605">
    <p class='ocr_par' dir='ltr' id='par_1_4' title="bbox 134 2097 1348 2605">
     <span class='ocr_line' id='line_1_17' title="bbox 174 2097 1322 2177; baseline 0.001 -20"><span class='ocrx_word' id='word_1_147' title='bbox 174 2097 299 2177; x_wconf 87' lang='lat' dir='ltr'><strong>habere,</strong></span> <span class='ocrx_word' id='word_1_148' title='bbox 328 2115 383 2158; x_wconf 92' lang='lat' dir='ltr'><strong>nec</strong></span> <span class='ocrx_word' id='word_1_149' title='bbox 412 2100 437 2158; x_wconf 92' lang='lat' dir='ltr'><strong>si</strong></span> <span class='ocrx_word' id='word_1_150' title='bbox 465 2097 512 2158; x_wconf 90' lang='lat' dir='ltr'><strong>bis</strong></span> <span class='ocrx_word' id='word_1_151' title='bbox 540 2105 621 2158; x_wconf 90' lang='lat' dir='ltr'><strong>tanto</strong></span> <span class='ocrx_word' id='word_1_152' title='bbox 651 2097 823 2176; x_wconf 89' lang='lat' dir='ltr'><strong>ampliorem</strong></span> <span class='ocrx_word' id='word_1_153' title='bbox 852 2097 976 2157; x_wconf 83' lang='lat' dir='ltr'><strong>fundum</strong></span> <span class='ocrx_word' id='word_1_154' title='bbox 1005 2105 1055 2158; x_wconf 92' lang='lat' dir='ltr'><strong>aut</strong></span> <span class='ocrx_word' id='word_1_155' title='bbox 1083 2116 1118 2157; x_wconf 93' lang='lat' dir='ltr'><strong>eo</strong></span> <span class='ocrx_word' id='word_1_156' title='bbox 1143 2097 1322 2177; x_wconf 76' lang='lat' dir='ltr'><strong>phasaelus,</strong></span> 
     </span>
     <span class='ocr_line' id='line_1_18' title="bbox 174 2203 1348 2281; baseline -0.001 -15"><span class='ocrx_word' id='word_1_157' title='bbox 174 2205 243 2266; x_wconf 89' lang='lat' dir='ltr'><strong>ideo</strong></span> <span class='ocrx_word' id='word_1_158' title='bbox 271 2204 329 2264; x_wconf 92' lang='lat' dir='ltr'><strong>duo</strong></span> <span class='ocrx_word' id='word_1_159' title='bbox 352 2203 433 2265; x_wconf 91' lang='lat' dir='ltr'><strong>vilici</strong></span> <span class='ocrx_word' id='word_1_160' title='bbox 455 2213 507 2265; x_wconf 90' lang='lat' dir='ltr'><strong>aut</strong></span> <span class='ocrx_word' id='word_1_161' title='bbox 529 2213 591 2265; x_wconf 90' lang='lat' dir='ltr'><strong>tres</strong></span> <span class='ocrx_word' id='word_1_162' title='bbox 614 2203 747 2263; x_wconf 52' lang='lat' dir='ltr'><strong>habendi*</strong></span> <span class='ocrx_word' id='word_1_163' title='bbox 765 2205 836 2263; x_wconf 86' lang='lat' dir='ltr'><strong>fere.</strong></span> <span class='ocrx_word' id='word_1_164' title='bbox 882 2205 1009 2281; x_wconf 89' lang='lat' dir='ltr'><strong>operarii</strong></span> <span class='ocrx_word' id='word_1_165' title='bbox 1032 2204 1119 2264; x_wconf 90' lang='lat' dir='ltr'><strong>modo</strong></span> <span class='ocrx_word' id='word_1_166' title='bbox 1143 2212 1173 2264; x_wconf 93' lang='lat' dir='ltr'><strong>et</strong></span> <span class='ocrx_word' id='word_1_167' title='bbox 1195 2203 1348 2266; x_wconf 82' lang='lat' dir='ltr'><strong>bubulci4</strong></span> 
     </span>
     <span class='ocr_line' id='line_1_19' title="bbox 175 2309 1322 2390; baseline 0.002 -19"><span class='ocrx_word' id='word_1_168' title='bbox 175 2329 231 2390; x_wconf 94' lang='lat' dir='ltr'><strong>pro</strong></span> <span class='ocrx_word' id='word_1_169' title='bbox 260 2313 396 2389; x_wconf 88' lang='lat' dir='ltr'><strong>portione</strong></span> <span class='ocrx_word' id='word_1_170' title='bbox 425 2311 552 2372; x_wconf 88' lang='lat' dir='ltr'><strong>addendi</strong></span> <span class='ocrx_word' id='word_1_171' title='bbox 582 2310 632 2388; x_wconf 89' lang='lat' dir='ltr'><strong>[ad</strong></span> <span class='ocrx_word' id='word_1_172' title='bbox 659 2309 797 2388; x_wconf 88' lang='lat' dir='ltr'><strong>minoris]</strong></span> <span class='ocrx_word' id='word_1_173' title='bbox 822 2311 858 2371; x_wconf 90' lang='lat' dir='ltr'><strong>ad</strong></span> <span class='ocrx_word' id='word_1_174' title='bbox 882 2313 1003 2372; x_wconf 88' lang='lat' dir='ltr'><strong>maioris</strong></span> <span class='ocrx_word' id='word_1_175' title='bbox 1027 2311 1129 2371; x_wconf 91' lang='lat' dir='ltr'><strong>modos</strong></span> <span class='ocrx_word' id='word_1_176' title='bbox 1153 2312 1322 2373; x_wconf 84' lang='lat' dir='ltr'><strong>fundorum.</strong></span> 
     </span>
     <span class='ocr_line' id='line_1_20' title="bbox 175 2418 1323 2499; baseline 0.001 -21"><span class='ocrx_word' id='word_1_177' title='bbox 175 2421 196 2478; x_wconf 93' lang='lat' dir='ltr'><strong>ii</strong></span> <span class='ocrx_word' id='word_1_178' title='bbox 226 2436 357 2498; x_wconf 85' lang='lat' dir='ltr'><strong>quoque,</strong></span> <span class='ocrx_word' id='word_1_179' title='bbox 386 2420 412 2478; x_wconf 89' lang='lat' dir='ltr'><strong>si</strong></span> <span class='ocrx_word' id='word_1_180' title='bbox 441 2418 545 2479; x_wconf 87' lang='lat' dir='ltr'><strong>similis</strong></span> <span class='ocrx_word' id='word_1_181' title='bbox 576 2425 622 2480; x_wconf 89' lang='lat' dir='ltr'><strong>est</strong></span> <span class='ocrx_word' id='word_1_182' title='bbox 650 2437 727 2497; x_wconf 84' lang='lat' dir='ltr'><strong>ager.</strong></span> <span class='ocrx_word' id='word_1_183' title='bbox 775 2420 822 2478; x_wconf 91' lang='lat' dir='ltr'><strong>sin</strong></span> <span class='ocrx_word' id='word_1_184' title='bbox 850 2425 896 2478; x_wconf 89' lang='lat' dir='ltr'><strong>est</strong></span> <span class='ocrx_word' id='word_1_185' title='bbox 924 2420 964 2479; x_wconf 91' lang='lat' dir='ltr'><strong>ita</strong></span> <span class='ocrx_word' id='word_1_186' title='bbox 995 2418 1161 2499; x_wconf 84' lang='lat' dir='ltr'><strong>dissimilis,</strong></span> <span class='ocrx_word' id='word_1_187' title='bbox 1189 2426 1223 2479; x_wconf 93' lang='lat' dir='ltr'><strong>ut</strong></span> <span class='ocrx_word' id='word_1_188' title='bbox 1245 2422 1323 2479; x_wconf 89' lang='lat' dir='ltr'><strong>arari</strong></span> 
     </span>
     <span class='ocr_line' id='line_1_21' title="bbox 134 2524 1323 2605; baseline 0.006 -26"><span class='ocrx_word' id='word_1_189' title='bbox 134 2539 163 2579; x_wconf 78' lang='lat' dir='ltr'><strong>ro</strong></span> <span class='ocrx_word' id='word_1_190' title='bbox 176 2544 237 2585; x_wconf 92' lang='lat' dir='ltr'><strong>non</strong></span> <span class='ocrx_word' id='word_1_191' title='bbox 261 2526 352 2604; x_wconf 83' lang='lat' dir='ltr'><strong>posit,</strong></span> <span class='ocrx_word' id='word_1_192' title='bbox 376 2524 455 2603; x_wconf 93' lang='lat' dir='ltr'><strong>quod</strong></span> <span class='ocrx_word' id='word_1_193' title='bbox 479 2526 518 2584; x_wconf 91' lang='lat' dir='ltr'><strong>sit</strong></span> <span class='ocrx_word' id='word_1_194' title='bbox 541 2524 733 2603; x_wconf 83' lang='lat' dir='ltr'><strong>confragosus</strong></span> <span class='ocrx_word' id='word_1_195' title='bbox 756 2532 845 2603; x_wconf 90' lang='lat' dir='ltr'><strong>atque</strong></span> <span class='ocrx_word' id='word_1_196' title='bbox 869 2524 970 2586; x_wconf 82' lang='lat' dir='ltr'><strong>arduis</strong></span> <span class='ocrx_word' id='word_1_197' title='bbox 994 2524 1091 2605; x_wconf 89' lang='lat' dir='ltr'><strong>clivis,</strong></span> <span class='ocrx_word' id='word_1_198' title='bbox 1114 2527 1214 2586; x_wconf 89' lang='lat' dir='ltr'><strong>minus</strong></span> <span class='ocrx_word' id='word_1_199' title='bbox 1237 2526 1323 2587; x_wconf 90' lang='lat' dir='ltr'><strong>multi</strong></span> 
     </span>
    </p>
   </div>
   <div class='ocr_carea' id='block_1_5' title="bbox 250 2688 738 2777">
    <p class='ocr_par' dir='ltr' id='par_1_5' title="bbox 250 2688 738 2777">
     <span class='ocr_line' id='line_1_22' title="bbox 250 2688 738 2777; baseline 0.004 -20"><span class='ocrx_word' id='word_1_200' title='bbox 250 2710 267 2757; x_wconf 86' lang='lat' dir='ltr'><strong>o</strong></span> <span class='ocrx_word' id='word_1_201' title='bbox 284 2688 427 2774; x_wconf 72' lang='lat' dir='ltr'><strong>iugeribus</strong></span> <span class='ocrx_word' id='word_1_202' title='bbox 447 2703 555 2761; x_wconf 70' lang='lat' dir='ltr'><strong>oraru.</strong></span> <span class='ocrx_word' id='word_1_203' title='bbox 570 2721 600 2777; x_wconf 76' lang='lat' dir='ltr'><strong>p.</strong></span> <span class='ocrx_word' id='word_1_204' title='bbox 620 2709 683 2772; x_wconf 79' lang='lat'><strong><em>134,</em></strong></span> <span class='ocrx_word' id='word_1_205' title='bbox 703 2708 738 2759; x_wconf 88' lang='lat'><strong>10</strong></span> 
     </span>
    </p>
   </div>
   <div class='ocr_carea' id='block_1_6' title="bbox 103 2871 1395 3834">
    <p class='ocr_par' dir='ltr' id='par_1_6' title="bbox 174 2871 1395 3374">
     <span class='ocr_line' id='line_1_23' title="bbox 250 2871 1322 2945; baseline 0.001 -16"><span class='ocrx_word' id='word_1_206' title='bbox 250 2881 266 2929; x_wconf 78' lang='lat'>2</span> <span class='ocrx_word' id='word_1_207' title='bbox 294 2876 398 2945; x_wconf 82' lang='lat' dir='ltr'><strong>iugera.</strong></span> <span class='ocrx_word' id='word_1_208' title='bbox 424 2872 516 2930; x_wconf 81' lang='lat' dir='ltr'>CCXL</span> <span class='ocrx_word' id='word_1_209' title='bbox 542 2872 634 2928; x_wconf 83' lang='lat' dir='ltr'><strong>PAB</strong></span> <span class='ocrx_word' id='word_1_210' title='bbox 661 2872 789 2941; x_wconf 85' lang='lat' dir='ltr'><strong>iugerum</strong></span> <span class='ocrx_word' id='word_1_211' title='bbox 812 2871 994 2925; x_wconf 84' lang='lat' dir='ltr'><strong>ducentorum</strong></span> <span class='ocrx_word' id='word_1_212' title='bbox 1018 2872 1234 2942; x_wconf 78' lang='lat' dir='ltr'><strong>quadragintae</strong></span> <span class='ocrx_word' id='word_1_213' title='bbox 1307 2884 1322 2930; x_wconf 89' lang='lat'><strong>3</strong></span> 
     </span>
     <span class='ocr_line' id='line_1_24' title="bbox 175 2956 1323 3034; baseline -0.001 -16"><span class='ocrx_word' id='word_1_214' title='bbox 175 2966 207 3019; x_wconf 90' lang='lat' dir='ltr'><strong>in</strong></span> <span class='ocrx_word' id='word_1_215' title='bbox 231 2981 265 3032; x_wconf 89' lang='lat' dir='ltr'><strong>eo</strong></span> <span class='ocrx_word' id='word_1_216' title='bbox 288 2956 502 3034; x_wconf 77' lang='lat' dir='ltr'><strong>superscriptum</strong></span> <span class='ocrx_word' id='word_1_217' title='bbox 525 2965 558 3017; x_wconf 81' lang='lat' dir='ltr'><strong>iu</strong></span> <span class='ocrx_word' id='word_1_218' title='bbox 578 2962 606 3015; x_wconf 92' lang='grc' dir='ltr'><strong><em>Β</em></strong></span> <span class='ocrx_word' id='word_1_219' title='bbox 679 2966 695 3014; x_wconf 82' lang='lat'>5</span> <span class='ocrx_word' id='word_1_220' title='bbox 718 2960 853 3014; x_wconf 80' lang='lat' dir='ltr'><strong>formulas</strong></span> <span class='ocrx_word' id='word_1_221' title='bbox 876 2976 945 3014; x_wconf 83' lang='lat' dir='ltr'><strong>corr.</strong></span> <span class='ocrx_word' id='word_1_222' title='bbox 966 2976 1064 3013; x_wconf 88' lang='lat' dir='ltr'><strong>-am</strong></span> <span class='ocrx_word' id='word_1_223' title='bbox 1084 2961 1111 3014; x_wconf 85' lang='lat' dir='ltr'><strong><em>A</em></strong></span> <span class='ocrx_word' id='word_1_224' title='bbox 1183 2970 1198 3015; x_wconf 87' lang='lat'><strong>6</strong></span> <span class='ocrx_word' id='word_1_225' title='bbox 1222 2963 1323 3032; x_wconf 89' lang='lat' dir='ltr'><strong>iugeri-</strong></span> 
     </span>
     <span class='ocr_line' id='line_1_25' title="bbox 175 3048 1395 3120; baseline -0.004 -10"><span class='ocrx_word' id='word_1_226' title='bbox 175 3056 231 3110; x_wconf 86' lang='lat' dir='ltr'><strong>bus</strong></span> <span class='ocrx_word' id='word_1_227' title='bbox 246 3096 253 3108; x_wconf 91' lang='lat'>.</span> <span class='ocrx_word' id='word_1_228' title='bbox 270 3053 299 3110; x_wconf 81' lang='lat'><strong>0.</strong></span> <span class='ocrx_word' id='word_1_229' title='bbox 317 3053 377 3109; x_wconf 86' lang='lat' dir='ltr'><strong>AB</strong></span> <span class='ocrx_word' id='word_1_230' title='bbox 400 3052 539 3108; x_wconf 81' lang='lat' dir='ltr'><strong>Victorius</strong></span> <span class='ocrx_word' id='word_1_231' title='bbox 565 3049 708 3120; x_wconf 83' lang='lat' dir='ltr'><strong>iugeribus</strong></span> <span class='ocrx_word' id='word_1_232' title='bbox 738 3052 848 3103; x_wconf 88' lang='lat' dir='ltr'><strong>centum</strong></span> <span class='ocrx_word' id='word_1_233' title='bbox 876 3048 903 3100; x_wconf 92' lang='lat' dir='ltr'><em>V</em></span> <span class='ocrx_word' id='word_1_234' title='bbox 969 3048 1109 3118; x_wconf 84' lang='lat' dir='ltr'><strong>mancipio</strong></span> <span class='ocrx_word' id='word_1_235' title='bbox 1132 3050 1159 3103; x_wconf 82' lang='lat' dir='ltr'><strong><em>A</em></strong></span> <span class='ocrx_word' id='word_1_236' title='bbox 1191 3067 1260 3107; x_wconf 87' lang='lat' dir='ltr'><strong>corr.</strong></span> <span class='ocrx_word' id='word_1_237' title='bbox 1289 3083 1322 3091; x_wconf 90' lang='lat'>—</span> <span class='ocrx_word' id='word_1_238' title='bbox 1393 3082 1395 3086; x_wconf 94' lang='lat'>·</span> 
     </span>
     <span class='ocr_line' id='line_1_26' title="bbox 176 3137 1323 3211; baseline -0.003 -14"><span class='ocrx_word' id='word_1_239' title='bbox 176 3143 207 3196; x_wconf 83' lang='lat' dir='ltr'><strong>ia</strong></span> <span class='ocrx_word' id='word_1_240' title='bbox 231 3141 273 3197; x_wconf 70' lang='grc' dir='ltr'><strong>Α2</strong></span> <span class='ocrx_word' id='word_1_241' title='bbox 344 3149 359 3196; x_wconf 78' lang='grc'>7</span> <span class='ocrx_word' id='word_1_242' title='bbox 388 3140 530 3211; x_wconf 88' lang='lat' dir='ltr'><strong>operarios</strong></span> <span class='ocrx_word' id='word_1_243' title='bbox 553 3139 578 3193; x_wconf 87' lang='lat' dir='ltr'>X</span> <span class='ocrx_word' id='word_1_244' title='bbox 601 3139 659 3193; x_wconf 99' lang='grc' dir='ltr'><strong>ΡΒ</strong></span> <span class='ocrx_word' id='word_1_245' title='bbox 688 3138 828 3208; x_wconf 85' lang='lat' dir='ltr'><strong>operarios</strong></span> <span class='ocrx_word' id='word_1_246' title='bbox 857 3138 953 3192; x_wconf 87' lang='lat' dir='ltr'><strong>decern</strong></span> <span class='ocrx_word' id='word_1_247' title='bbox 976 3137 1025 3192; x_wconf 84' lang='lat' dir='ltr'><strong>Ao</strong></span> <span class='ocrx_word' id='word_1_248' title='bbox 1089 3139 1241 3193; x_wconf 88' lang='lat' dir='ltr'><strong>bubulcum</strong></span> <span class='ocrx_word' id='word_1_249' title='bbox 1269 3141 1323 3194; x_wconf 91' lang='lat' dir='ltr'><strong>asi-</strong></span> 
     </span>
     <span class='ocr_line' id='line_1_27' title="bbox 178 3227 1324 3286; baseline -0.001 -1"><span class='ocrx_word' id='word_1_250' title='bbox 178 3231 292 3286; x_wconf 89' lang='lat' dir='ltr'><strong>narium</strong></span> <span class='ocrx_word' id='word_1_251' title='bbox 315 3231 459 3285; x_wconf 89' lang='lat' dir='ltr'><strong>subulcum</strong></span> <span class='ocrx_word' id='word_1_252' title='bbox 485 3230 576 3284; x_wconf 81' lang='lat' dir='ltr'><strong>PAB</strong></span> <span class='ocrx_word' id='word_1_253' title='bbox 604 3228 756 3282; x_wconf 89' lang='lat' dir='ltr'><strong>bubulcum</strong></span> <span class='ocrx_word' id='word_1_254' title='bbox 782 3246 869 3280; x_wconf 88' lang='lat' dir='ltr'><strong>unum</strong></span> <span class='ocrx_word' id='word_1_255' title='bbox 892 3227 1043 3281; x_wconf 83' lang='lat' dir='ltr'><strong>asinarium</strong></span> <span class='ocrx_word' id='word_1_256' title='bbox 1068 3245 1154 3281; x_wconf 90' lang='lat' dir='ltr'><strong>unum</strong></span> <span class='ocrx_word' id='word_1_257' title='bbox 1178 3230 1324 3284; x_wconf 86' lang='lat' dir='ltr'><strong>subulcum</strong></span> 
     </span>
     <span class='ocr_line' id='line_1_28' title="bbox 174 3314 1324 3374; baseline -0.001 0"><span class='ocrx_word' id='word_1_258' title='bbox 174 3338 266 3374; x_wconf 89' lang='lat' dir='ltr'><strong>unum</strong></span> <span class='ocrx_word' id='word_1_259' title='bbox 284 3336 300 3373; x_wconf 86' lang='lat' dir='ltr'><strong>o</strong></span> <span class='ocrx_word' id='word_1_260' title='bbox 320 3319 472 3374; x_wconf 88' lang='lat' dir='ltr'><strong>bubulcum</strong></span> <span class='ocrx_word' id='word_1_261' title='bbox 493 3317 506 3370; x_wconf 93' lang='lat' dir='ltr'>I</span> <span class='ocrx_word' id='word_1_262' title='bbox 528 3318 681 3373; x_wconf 85' lang='lat' dir='ltr'><strong>asinarium</strong></span> <span class='ocrx_word' id='word_1_263' title='bbox 698 3318 711 3369; x_wconf 93' lang='grc' dir='ltr'>Ι</span> <span class='ocrx_word' id='word_1_264' title='bbox 734 3316 908 3371; x_wconf 83' lang='lat' dir='ltr'><strong>salictarium</strong></span> <span class='ocrx_word' id='word_1_265' title='bbox 925 3316 938 3368; x_wconf 91' lang='lat' dir='ltr'>I</span> <span class='ocrx_word' id='word_1_266' title='bbox 962 3314 1108 3371; x_wconf 88' lang='lat' dir='ltr'><strong>subulcum</strong></span> <span class='ocrx_word' id='word_1_267' title='bbox 1126 3319 1138 3372; x_wconf 89' lang='lat' dir='ltr'><strong>l</strong></span> <span class='ocrx_word' id='word_1_268' title='bbox 1158 3319 1227 3373; x_wconf 79' lang='lat' dir='ltr'><strong>Octo</strong></span> <span class='ocrx_word' id='word_1_269' title='bbox 1246 3336 1268 3374; x_wconf 91' lang='lat' dir='ltr'><strong>c.</strong></span> <span class='ocrx_word' id='word_1_270' title='bbox 1288 3324 1324 3373; x_wconf 89' lang='lat'><strong>11</strong></span> 
     </span>
    </p>

    <p class='ocr_par' dir='ltr' id='par_1_7' title="bbox 103 3405 1327 3834">
     <span class='ocr_line' id='line_1_29' title="bbox 252 3405 1325 3474; baseline -0.002 -12"><span class='ocrx_word' id='word_1_271' title='bbox 252 3415 286 3462; x_wconf 93' lang='lat'><strong>10</strong></span> <span class='ocrx_word' id='word_1_272' title='bbox 305 3408 461 3463; x_wconf 86' lang='lat' dir='ltr'><strong>ualetudini</strong></span> <span class='ocrx_word' id='word_1_273' title='bbox 476 3409 533 3462; x_wconf 91' lang='grc' dir='ltr'><strong>ΡΒ</strong></span> <span class='ocrx_word' id='word_1_274' title='bbox 546 3405 697 3462; x_wconf 82' lang='lat' dir='ltr'><strong>ualitudini</strong></span> <span class='ocrx_word' id='word_1_275' title='bbox 710 3407 759 3460; x_wconf 84' lang='lat' dir='ltr'><strong>Au</strong></span> <span class='ocrx_word' id='word_1_276' title='bbox 816 3413 847 3459; x_wconf 93' lang='lat'><strong>11</strong></span> <span class='ocrx_word' id='word_1_277' title='bbox 865 3405 1059 3474; x_wconf 73' lang='lat' dir='ltr'><strong>indiligentiae</strong></span> <span class='ocrx_word' id='word_1_278' title='bbox 1074 3449 1081 3462; x_wconf 89' lang='lat'><strong>.</strong></span> <span class='ocrx_word' id='word_1_279' title='bbox 1096 3407 1117 3460; x_wconf 90' lang='lat' dir='ltr'>L</span> <span class='ocrx_word' id='word_1_280' title='bbox 1134 3449 1140 3460; x_wconf 90' lang='lat'><strong><em>.</em></strong></span> <span class='ocrx_word' id='word_1_281' title='bbox 1155 3408 1255 3462; x_wconf 89' lang='lat' dir='ltr'><strong>horum</strong></span> <span class='ocrx_word' id='word_1_282' title='bbox 1268 3407 1325 3461; x_wconf 91' lang='lat' dir='ltr'><strong>VB</strong></span> 
     </span>
     <span class='ocr_line' id='line_1_30' title="bbox 175 3496 1325 3568; baseline -0.003 -16"><span class='ocrx_word' id='word_1_283' title='bbox 175 3497 359 3567; x_wconf 79' lang='lat' dir='ltr'><strong>indiligentia</strong></span> <span class='ocrx_word' id='word_1_284' title='bbox 374 3539 380 3551; x_wconf 91' lang='lat'><em>.</em></span> <span class='ocrx_word' id='word_1_285' title='bbox 395 3499 406 3551; x_wconf 95' lang='lat' dir='ltr'><strong>l</strong></span> <span class='ocrx_word' id='word_1_286' title='bbox 422 3539 427 3550; x_wconf 93' lang='lat'>.</span> <span class='ocrx_word' id='word_1_287' title='bbox 442 3498 589 3568; x_wconf 82' lang='lat' dir='ltr'><strong>honorum,</strong></span> <span class='ocrx_word' id='word_1_288' title='bbox 613 3497 660 3551; x_wconf 83' lang='lat' dir='ltr'><strong>sed</strong></span> <span class='ocrx_word' id='word_1_289' title='bbox 682 3497 775 3551; x_wconf 83' lang='lat' dir='ltr'><strong>deletis</strong></span> <span class='ocrx_word' id='word_1_290' title='bbox 793 3513 829 3550; x_wconf 94' lang='lat' dir='ltr'><strong>no</strong></span> <span class='ocrx_word' id='word_1_291' title='bbox 848 3497 946 3551; x_wconf 80' lang='lat' dir='ltr'><strong>titteris</strong></span> <span class='ocrx_word' id='word_1_292' title='bbox 964 3498 992 3550; x_wconf 89' lang='lat' dir='ltr'><strong><em>A</em></strong></span> <span class='ocrx_word' id='word_1_293' title='bbox 1063 3498 1161 3551; x_wconf 89' lang='lat' dir='ltr'><strong>neuter</strong></span> <span class='ocrx_word' id='word_1_294' title='bbox 1179 3496 1247 3550; x_wconf 87' lang='lat' dir='ltr'><strong>satis</strong></span> <span class='ocrx_word' id='word_1_295' title='bbox 1270 3496 1325 3549; x_wconf 89' lang='lat' dir='ltr'><strong>VB</strong></span> 
     </span>
     <span class='ocr_line' id='line_1_31' title="bbox 176 3584 1325 3655; baseline -0.004 -13"><span class='ocrx_word' id='word_1_296' title='bbox 176 3588 251 3642; x_wconf 86' lang='lat' dir='ltr'><strong>satis</strong></span> <span class='ocrx_word' id='word_1_297' title='bbox 270 3588 368 3642; x_wconf 86' lang='lat' dir='ltr'><strong>neuter</strong></span> <span class='ocrx_word' id='word_1_298' title='bbox 386 3587 446 3641; x_wconf 86' lang='lat' dir='ltr'><strong>Am</strong></span> <span class='ocrx_word' id='word_1_299' title='bbox 518 3591 550 3639; x_wconf 75' lang='lat'><strong>12</strong></span> <span class='ocrx_word' id='word_1_300' title='bbox 569 3585 704 3652; x_wconf 83' lang='lat' dir='ltr'><strong>relinquit</strong></span> <span class='ocrx_word' id='word_1_301' title='bbox 721 3584 779 3638; x_wconf 91' lang='grc' dir='ltr'><strong>ΡΒ</strong></span> <span class='ocrx_word' id='word_1_302' title='bbox 797 3584 936 3655; x_wconf 81' lang='lat' dir='ltr'><strong>relinquid</strong></span> <span class='ocrx_word' id='word_1_303' title='bbox 950 3585 987 3655; x_wconf 80' lang='lat' dir='ltr'><strong>A,</strong></span> <span class='ocrx_word' id='word_1_304' title='bbox 1005 3586 1051 3640; x_wconf 83' lang='lat' dir='ltr'><strong>sed</strong></span> <span class='ocrx_word' id='word_1_305' title='bbox 1069 3604 1087 3638; x_wconf 89' lang='lat' dir='ltr'><strong>n</strong></span> <span class='ocrx_word' id='word_1_306' title='bbox 1105 3589 1271 3654; x_wconf 76' lang='lat' dir='ltr'><strong>expunctum</strong></span> <span class='ocrx_word' id='word_1_307' title='bbox 1284 3584 1325 3637; x_wconf 74' lang='lat' dir='ltr'><strong>A2</strong></span> 
     </span>
     <span class='ocr_line' id='line_1_32' title="bbox 176 3673 1325 3744; baseline -0.003 -13"><span class='ocrx_word' id='word_1_308' title='bbox 176 3675 297 3744; x_wconf 87' lang='lat' dir='ltr'><strong>reliquit</strong></span> <span class='ocrx_word' id='word_1_309' title='bbox 319 3693 366 3730; x_wconf 86' lang='lat' dir='ltr'><strong>mu</strong></span> <span class='ocrx_word' id='word_1_310' title='bbox 439 3673 476 3728; x_wconf 85' lang='lat' dir='ltr'><strong>sit</strong></span> <span class='ocrx_word' id='word_1_311' title='bbox 497 3673 676 3743; x_wconf 77' lang='lat' dir='ltr'><strong>proportione</strong></span> <span class='ocrx_word' id='word_1_312' title='bbox 706 3673 798 3727; x_wconf 86' lang='grc' dir='ltr'><strong>ΡΑΒ</strong></span> <span class='ocrx_word' id='word_1_313' title='bbox 826 3673 865 3727; x_wconf 88' lang='lat' dir='ltr'><strong>sic</strong></span> <span class='ocrx_word' id='word_1_314' title='bbox 893 3674 1076 3743; x_wconf 88' lang='lat' dir='ltr'><strong>proporcione</strong></span> <span class='ocrx_word' id='word_1_315' title='bbox 1099 3691 1125 3728; x_wconf 86' lang='lat' dir='ltr'><em>m</em></span> <span class='ocrx_word' id='word_1_316' title='bbox 1152 3676 1184 3728; x_wconf 88' lang='lat' dir='ltr'><strong>ut</strong></span> <span class='ocrx_word' id='word_1_317' title='bbox 1211 3690 1325 3743; x_wconf 90' lang='lat' dir='ltr'><strong>propor-</strong></span> 
     </span>
     <span class='ocr_line' id='line_1_33' title="bbox 103 3757 1327 3834; baseline -0.002 -15"><span class='ocrx_word' id='word_1_318' title='bbox 103 3757 108 3766; x_wconf 82' lang='lat'>&#39;</span> <span class='ocrx_word' id='word_1_319' title='bbox 175 3765 317 3820; x_wconf 85' lang='lat' dir='ltr'><strong>tionemo</strong></span> <span class='ocrx_word' id='word_1_320' title='bbox 392 3771 423 3818; x_wconf 84' lang='lat'><strong>13</strong></span> <span class='ocrx_word' id='word_1_321' title='bbox 441 3765 587 3832; x_wconf 84' lang='lat' dir='ltr'><strong>praeterea</strong></span> <span class='ocrx_word' id='word_1_322' title='bbox 600 3764 696 3819; x_wconf 83' lang='lat' dir='ltr'><strong>deleuit</strong></span> <span class='ocrx_word' id='word_1_323' title='bbox 710 3763 858 3817; x_wconf 83' lang='lat' dir='ltr'><strong>lueuudus</strong></span> <span class='ocrx_word' id='word_1_324' title='bbox 932 3769 963 3817; x_wconf 84' lang='lat'><strong>15</strong></span> <span class='ocrx_word' id='word_1_325' title='bbox 982 3781 1038 3818; x_wconf 92' lang='lat' dir='ltr'><strong>non</strong></span> <span class='ocrx_word' id='word_1_326' title='bbox 1051 3763 1148 3818; x_wconf 83' lang='lat' dir='ltr'><strong>deleuit</strong></span> <span class='ocrx_word' id='word_1_327' title='bbox 1163 3763 1327 3834; x_wconf 74' lang='lat' dir='ltr'><strong>Madoipius</strong></span> 
     </span>
    </p>
   </div>
   <div class='ocr_carea' id='block_1_7' title="bbox 176 3850 1433 3922">
    <p class='ocr_par' dir='ltr' id='par_1_8' title="bbox 176 3850 1433 3922">
     <span class='ocr_line' id='line_1_34' title="bbox 176 3850 1433 3922; baseline -0.006 -14"><span class='ocrx_word' id='word_1_328' title='bbox 176 3856 286 3909; x_wconf 79' lang='lat' dir='ltr'><strong>advers.</strong></span> <span class='ocrx_word' id='word_1_329' title='bbox 310 3870 334 3907; x_wconf 86' lang='lat' dir='ltr'><strong>u.</strong></span> <span class='ocrx_word' id='word_1_330' title='bbox 358 3853 518 3922; x_wconf 63' lang='lat'><em>1112180</em></span> <span class='ocrx_word' id='word_1_331' title='bbox 587 3850 664 3922; x_wconf 88' lang='lat' dir='ltr'><strong>posis</strong></span> <span class='ocrx_word' id='word_1_332' title='bbox 687 3851 715 3906; x_wconf 81' lang='lat' dir='ltr'><strong><em>A</em></strong></span> <span class='ocrx_word' id='word_1_333' title='bbox 786 3851 877 3905; x_wconf 85' lang='lat' dir='ltr'><strong>minus</strong></span> <span class='ocrx_word' id='word_1_334' title='bbox 900 3853 1113 3920; x_wconf 80' lang='lat' dir='ltr'><strong>superscriptum</strong></span> <span class='ocrx_word' id='word_1_335' title='bbox 1137 3853 1169 3905; x_wconf 78' lang='lat' dir='ltr'><strong>iu</strong></span> <span class='ocrx_word' id='word_1_336' title='bbox 1190 3852 1218 3905; x_wconf 96' lang='grc' dir='ltr'><strong><em>Β</em></strong></span> <span class='ocrx_word' id='word_1_337' title='bbox 1293 3857 1326 3904; x_wconf 86' lang='grc'><strong>18</strong></span> <span class='ocrx_word' id='word_1_338' title='bbox 1430 3893 1433 3900; x_wconf 95' lang='grc'><em>.</em></span> 
     </span>
    </p>
   </div>
   <div class='ocr_carea' id='block_1_8' title="bbox 173 3939 1328 4544">
    <p class='ocr_par' dir='ltr' id='par_1_9' title="bbox 175 3939 1327 4278">
     <span class='ocr_line' id='line_1_35' title="bbox 176 3939 1326 4014; baseline -0.003 -18"><span class='ocrx_word' id='word_1_339' title='bbox 176 3960 233 4014; x_wconf 86' lang='lat' dir='ltr'><strong>pro</strong></span> <span class='ocrx_word' id='word_1_340' title='bbox 252 3943 381 4012; x_wconf 73' lang='lat' dir='ltr'><strong>portione</strong></span> <span class='ocrx_word' id='word_1_341' title='bbox 400 3940 522 3995; x_wconf 89' lang='lat' dir='ltr'><strong>addendi</strong></span> <span class='ocrx_word' id='word_1_342' title='bbox 540 3940 576 3994; x_wconf 90' lang='lat' dir='ltr'><strong>ad</strong></span> <span class='ocrx_word' id='word_1_343' title='bbox 595 3940 711 3994; x_wconf 88' lang='lat' dir='ltr'><strong>minoris</strong></span> <span class='ocrx_word' id='word_1_344' title='bbox 730 3941 766 3994; x_wconf 89' lang='lat' dir='ltr'><strong>ad</strong></span> <span class='ocrx_word' id='word_1_345' title='bbox 784 3939 898 3994; x_wconf 82' lang='lat' dir='ltr'><strong>maioris</strong></span> <span class='ocrx_word' id='word_1_346' title='bbox 917 3944 1015 3995; x_wconf 86' lang='lat' dir='ltr'><strong>modos</strong></span> <span class='ocrx_word' id='word_1_347' title='bbox 1030 3939 1118 3995; x_wconf 82' lang='lat' dir='ltr'><strong>PAB</strong></span> <span class='ocrx_word' id='word_1_348' title='bbox 1132 3956 1183 4008; x_wconf 89' lang='lat' dir='ltr'><strong>pro</strong></span> <span class='ocrx_word' id='word_1_349' title='bbox 1197 3940 1326 4008; x_wconf 85' lang='lat' dir='ltr'><strong>portione</strong></span> 
     </span>
     <span class='ocr_line' id='line_1_36' title="bbox 177 4026 1327 4099; baseline -0.006 -12"><span class='ocrx_word' id='word_1_350' title='bbox 177 4031 305 4087; x_wconf 84' lang='lat' dir='ltr'><strong>addendi</strong></span> <span class='ocrx_word' id='word_1_351' title='bbox 333 4030 368 4085; x_wconf 89' lang='lat' dir='ltr'><strong>ad</strong></span> <span class='ocrx_word' id='word_1_352' title='bbox 393 4029 512 4084; x_wconf 88' lang='lat' dir='ltr'><strong>minores</strong></span> <span class='ocrx_word' id='word_1_353' title='bbox 540 4026 695 4084; x_wconf 77' lang='lat' dir='ltr'><strong>braioresue</strong></span> <span class='ocrx_word' id='word_1_354' title='bbox 723 4031 820 4086; x_wconf 88' lang='lat' dir='ltr'><strong>modos</strong></span> <span class='ocrx_word' id='word_1_355' title='bbox 845 4047 861 4085; x_wconf 86' lang='lat' dir='ltr'><strong>o</strong></span> <span class='ocrx_word' id='word_1_356' title='bbox 889 4046 940 4099; x_wconf 90' lang='lat' dir='ltr'><strong>pro</strong></span> <span class='ocrx_word' id='word_1_357' title='bbox 967 4029 1095 4096; x_wconf 81' lang='lat' dir='ltr'><strong>portione</strong></span> <span class='ocrx_word' id='word_1_358' title='bbox 1124 4027 1253 4080; x_wconf 89' lang='lat' dir='ltr'><strong>demendi</strong></span> <span class='ocrx_word' id='word_1_359' title='bbox 1280 4028 1327 4082; x_wconf 90' lang='lat' dir='ltr'><strong>uel</strong></span> 
     </span>
     <span class='ocr_line' id='line_1_37' title="bbox 176 4116 1326 4201; baseline -0.008 -25"><span class='ocrx_word' id='word_1_360' title='bbox 176 4119 305 4176; x_wconf 87' lang='lat' dir='ltr'><strong>addendi</strong></span> <span class='ocrx_word' id='word_1_361' title='bbox 323 4120 359 4173; x_wconf 88' lang='lat' dir='ltr'><strong>ad</strong></span> <span class='ocrx_word' id='word_1_362' title='bbox 378 4117 499 4201; x_wconf 75' lang='lat' dir='ltr'><strong>minores</strong></span> <span class='ocrx_word' id='word_1_363' title='bbox 513 4118 668 4173; x_wconf 86' lang='lat' dir='ltr'><strong>maioresue</strong></span> <span class='ocrx_word' id='word_1_364' title='bbox 682 4118 780 4173; x_wconf 85' lang='lat' dir='ltr'><strong>modos</strong></span> <span class='ocrx_word' id='word_1_365' title='bbox 793 4119 939 4174; x_wconf 78' lang='lat' dir='ltr'><strong>Iucundos</strong></span> <span class='ocrx_word' id='word_1_366' title='bbox 994 4123 1026 4171; x_wconf 84' lang='grc'><strong>19</strong></span> <span class='ocrx_word' id='word_1_367' title='bbox 1046 4116 1101 4171; x_wconf 85' lang='lat' dir='ltr'><strong>.ii.</strong></span> <span class='ocrx_word' id='word_1_368' title='bbox 1116 4130 1227 4183; x_wconf 89' lang='lat' dir='ltr'><strong>quoque</strong></span> <span class='ocrx_word' id='word_1_369' title='bbox 1237 4116 1326 4169; x_wconf 84' lang='lat' dir='ltr'><strong>PAR</strong></span> 
     </span>
     <span class='ocr_line' id='line_1_38' title="bbox 175 4204 1255 4278; baseline -0.006 -13"><span class='ocrx_word' id='word_1_370' title='bbox 175 4210 211 4265; x_wconf 90' lang='lat' dir='ltr'><strong>hi</strong></span> <span class='ocrx_word' id='word_1_371' title='bbox 237 4225 382 4278; x_wconf 89' lang='lat' dir='ltr'><strong>quoqueu</strong></span> <span class='ocrx_word' id='word_1_372' title='bbox 456 4206 498 4261; x_wconf 87' lang='lat' dir='ltr'><strong>sin</strong></span> <span class='ocrx_word' id='word_1_373' title='bbox 522 4208 565 4262; x_wconf 89' lang='lat' dir='ltr'><strong>est</strong></span> <span class='ocrx_word' id='word_1_374' title='bbox 583 4209 640 4262; x_wconf 92' lang='lat' dir='ltr'><strong>PB</strong></span> <span class='ocrx_word' id='word_1_375' title='bbox 664 4204 708 4263; x_wconf 70' lang='lat' dir='ltr'><strong>sifi</strong></span> <span class='ocrx_word' id='word_1_376' title='bbox 731 4210 774 4263; x_wconf 84' lang='lat' dir='ltr'><strong>est</strong></span> <span class='ocrx_word' id='word_1_377' title='bbox 795 4208 823 4263; x_wconf 83' lang='lat' dir='ltr'><strong><em>A</em></strong></span> <span class='ocrx_word' id='word_1_378' title='bbox 842 4208 866 4262; x_wconf 89' lang='lat' dir='ltr'><strong>si</strong></span> <span class='ocrx_word' id='word_1_379' title='bbox 883 4225 940 4262; x_wconf 92' lang='lat' dir='ltr'><strong>non</strong></span> <span class='ocrx_word' id='word_1_380' title='bbox 959 4209 1003 4261; x_wconf 89' lang='lat' dir='ltr'><strong>est</strong></span> <span class='ocrx_word' id='word_1_381' title='bbox 1020 4224 1046 4260; x_wconf 82' lang='lat' dir='ltr'><strong>ut</strong></span> <span class='ocrx_word' id='word_1_382' title='bbox 1066 4205 1108 4259; x_wconf 91' lang='lat' dir='ltr'><strong>sin</strong></span> <span class='ocrx_word' id='word_1_383' title='bbox 1127 4206 1255 4258; x_wconf 81' lang='lat' dir='ltr'><strong>autema</strong></span> 
     </span>
    </p>

    <p class='ocr_par' dir='ltr' id='par_1_10' title="bbox 173 4293 1328 4544">
     <span class='ocr_line' id='line_1_39' title="bbox 174 4293 1328 4366; baseline -0.005 -11"><span class='ocrx_word' id='word_1_384' title='bbox 174 4303 212 4355; x_wconf 90' lang='lat' dir='ltr'><strong>ut</strong></span> <span class='ocrx_word' id='word_1_385' title='bbox 239 4298 263 4351; x_wconf 83' lang='lat' dir='ltr'><strong>si</strong></span> <span class='ocrx_word' id='word_1_386' title='bbox 287 4298 324 4352; x_wconf 88' lang='lat' dir='ltr'><strong>sit</strong></span> <span class='ocrx_word' id='word_1_387' title='bbox 346 4295 528 4366; x_wconf 81' lang='lat' dir='ltr'><strong>confragosus</strong></span> <span class='ocrx_word' id='word_1_388' title='bbox 552 4298 637 4364; x_wconf 85' lang='lat' dir='ltr'><strong>atque</strong></span> <span class='ocrx_word' id='word_1_389' title='bbox 660 4297 763 4351; x_wconf 86' lang='lat' dir='ltr'><strong>arduus</strong></span> <span class='ocrx_word' id='word_1_390' title='bbox 788 4296 868 4351; x_wconf 83' lang='lat' dir='ltr'><strong>oliuis</strong></span> <span class='ocrx_word' id='word_1_391' title='bbox 893 4297 1046 4350; x_wconf 77' lang='lat' dir='ltr'><strong>Iuorurdtus.</strong></span> <span class='ocrx_word' id='word_1_392' title='bbox 1090 4293 1228 4364; x_wconf 79' lang='lat' dir='ltr'><strong>‘Antiqua</strong></span> <span class='ocrx_word' id='word_1_393' title='bbox 1251 4296 1328 4349; x_wconf 80' lang='lat' dir='ltr'><strong>lectio</strong></span> 
     </span>
     <span class='ocr_line' id='line_1_40' title="bbox 173 4384 1327 4455; baseline -0.006 -10"><span class='ocrx_word' id='word_1_394' title='bbox 173 4390 304 4451; x_wconf 79' lang='lat' dir='ltr'><strong>diuerso,</strong></span> <span class='ocrx_word' id='word_1_395' title='bbox 323 4385 403 4451; x_wconf 78' lang='lat' dir='ltr'><strong>Quod</strong></span> <span class='ocrx_word' id='word_1_396' title='bbox 422 4384 446 4438; x_wconf 89' lang='lat' dir='ltr'><strong>si</strong></span> <span class='ocrx_word' id='word_1_397' title='bbox 462 4385 651 4455; x_wconf 74' lang='lat' dir='ltr'><strong>conbagosus,</strong></span> <span class='ocrx_word' id='word_1_398' title='bbox 670 4389 755 4455; x_wconf 84' lang='lat' dir='ltr'><strong>atque</strong></span> <span class='ocrx_word' id='word_1_399' title='bbox 769 4385 862 4440; x_wconf 79' lang='lat' dir='ltr'><strong>arduis</strong></span> <span class='ocrx_word' id='word_1_400' title='bbox 877 4384 968 4438; x_wconf 90' lang='lat' dir='ltr'><strong>oliuis’</strong></span> <span class='ocrx_word' id='word_1_401' title='bbox 1006 4385 1144 4439; x_wconf 77' lang='lat' dir='ltr'><strong>Victorius</strong></span> <span class='ocrx_word' id='word_1_402' title='bbox 1198 4390 1233 4438; x_wconf 80' lang='lat'><strong>20</strong></span> <span class='ocrx_word' id='word_1_403' title='bbox 1253 4385 1327 4453; x_wconf 91' lang='lat' dir='ltr'><strong>quod</strong></span> 
     </span>
     <span class='ocr_line' id='line_1_41' title="bbox 175 4473 1328 4544; baseline -0.003 -12"><span class='ocrx_word' id='word_1_404' title='bbox 175 4479 221 4533; x_wconf 83' lang='lat' dir='ltr'><strong>sit</strong></span> <span class='ocrx_word' id='word_1_405' title='bbox 240 4474 420 4544; x_wconf 84' lang='lat' dir='ltr'><strong>confragosus</strong></span> <span class='ocrx_word' id='word_1_406' title='bbox 434 4474 557 4544; x_wconf 67' lang='lat' dir='ltr'><strong>statiua</strong></span> <span class='ocrx_word' id='word_1_407' title='bbox 571 4474 645 4543; x_wconf 87' lang='lat' dir='ltr'><strong>quod</strong></span> <span class='ocrx_word' id='word_1_408' title='bbox 659 4474 697 4544; x_wconf 80' lang='lat' dir='ltr'><strong>sit</strong></span> <span class='ocrx_word' id='word_1_409' title='bbox 711 4475 890 4542; x_wconf 83' lang='lat' dir='ltr'><strong>confragosus</strong></span> <span class='ocrx_word' id='word_1_410' title='bbox 900 4475 928 4529; x_wconf 95' lang='grc' dir='ltr'><strong><em>Β</em></strong></span> <span class='ocrx_word' id='word_1_411' title='bbox 944 4474 1018 4543; x_wconf 90' lang='lat' dir='ltr'><strong>quod</strong></span> <span class='ocrx_word' id='word_1_412' title='bbox 1033 4474 1057 4528; x_wconf 86' lang='lat' dir='ltr'><strong>si</strong></span> <span class='ocrx_word' id='word_1_413' title='bbox 1072 4473 1251 4542; x_wconf 80' lang='lat' dir='ltr'><strong>confragosus</strong></span> <span class='ocrx_word' id='word_1_414' title='bbox 1271 4473 1328 4528; x_wconf 71' lang='grc' dir='ltr'><strong>ΡΑ</strong></span> 
     </span>
    </p>
   </div>
   <div class='ocr_carea' id='block_1_9' title="bbox 0 0 1514 5026">
    <p class='ocr_par' dir='ltr' id='par_1_11' title="bbox 0 0 1514 5026">
     <span class='ocr_line' id='line_1_42' title="bbox 0 0 1514 5026; baseline 0 0"><span class='ocrx_word' id='word_1_415' title='bbox 0 0 1514 5026; x_wconf 95' lang='lat' dir='ltr'><strong> </strong></span> 
     </span>
    </p>
   </div>
  </div>
 </body>
</html>
