3000 5026
176 333 220 396 44
667 328 823 384 curonis

34 574 37 578 Ι
138 505 157 560 4
178 503 243 561 rito.
285 502 342 560 nisi
366 500 548 559 intermestri
571 498 699 578 lunaque
715 497 865 558 dimidiata
881 497 972 576 [tum]
988 518 1025 559 ne
1040 508 1142 578 tangas
1156 502 1323 561 materiem.

177 628 265 687 quarn
289 606 409 667 effodies
433 614 484 668 aut
506 605 661 684 praecides
684 604 736 664 abs
760 613 853 686 terra,
876 605 981 666 diebus
1005 609 1232 688 V11pronimiS,
1256 611 1323 688 qui-

177 715 233 775 bus
257 715 325 774 luna
350 713 435 792 plena
459 713 562 792 fuerit,
590 713 700 790 optime
724 713 878 772 eximetur.
916 715 1036 773 omnino
1066 723 1167 775 caveto
1192 734 1323 795 nequam

176 822 329 882 materiem
353 819 435 879 doles
459 837 517 878 neu
541 818 645 879 caedas
669 836 727 878 neu
751 825 862 898 tangas,
887 821 912 878 si
935 826 1033 900 poteS,
1057 822 1113 881 nisi
1133 822 1243 881 siccam
1263 841 1323 884 neu

137 933 155 988 5
177 927 302 1007 gelidam
322 943 380 986 neu
400 925 590 986 rorulentam.
627 925 775 985 frumenta
789 921 812 1006 †
828 902 937 987 facebis
957 929 1049 986 sarias
1067 946 1238 1007 runcesque
1256 949 1322 990 are·
1343 906 1364 980 ἱ1

176 1053 304 1115 namque
328 1033 503 1112 destringas.
545 1032 581 1092 de
609 1033 693 1091 vfnea
722 1039 752 1091 et
775 1031 931 1093 arboribus
959 1036 1071 1112 putatis
1099 1041 1248 1095 sarmenta
1271 1036 1323 1096 de-

177 1162 247 1222 gere
271 1147 301 1201 et
325 1142 466 1202 fascinam
485 1140 548 1199 face
563 1146 593 1198 et
608 1139 676 1198 vitis
695 1145 725 1198 et
748 1138 827 1217 ligna
842 1141 873 1199 in
888 1142 1035 1200 caminum
1050 1141 1176 1201 ficulnea
1191 1149 1222 1202 et
1241 1143 1323 1203 codi-

169 1250 260 1310 cillos
284 1249 402 1309 domiuo
426 1250 619 1308 inacervum
645 1264 788 1324 conpone.

26 1360 163 1421 XXXVIII
223 1364 227 1370 '
266 1355 428 1416 Fornacem
457 1352 611 1414 calcariam
639 1352 730 1432 pedes
759 1353 846 1413 latam
864 1369 888 1414 x
912 1354 1014 1435 facito,
1044 1355 1132 1415 altam
1155 1356 1248 1434 pedes
1266 1373 1326 1438 xx,

177 1462 326 1542 usquead
350 1462 441 1541 pedes
470 1470 531 1522 tres
559 1478 703 1520 summam
732 1460 820 1520 latam
844 1461 978 1539 redigite.
1017 1464 1042 1522 si
1066 1481 1125 1522 uno
1148 1463 1325 1541 praefurnio
1340 1479 1367 1518 ιο

176 1589 300 1650 coqueS,
324 1568 458 1629 lacunam
482 1571 562 1629 Intus
586 1586 721 1647 magnam
745 1569 847 1649 facito,
871 1571 915 1628 uti
939 1571 1010 1630 satis
1034 1571 1091 1630 siet
1114 1570 1174 1630 ubi:
1189 1573 1325 1632 cinerem

176 1678 336 1756 conpriat,
365 1696 401 1737 ne
426 1677 504 1736 foras
528 1677 567 1735 sit
591 1674 776 1756 educendUS,
800 1676 1009 1756 fornacemque
1033 1676 1108 1737 bene
1133 1680 1255 1738 struite:
1282 1679 1321 1739 fa-

42 1844 44 1851 ,
139 1786 237 1845 teilo
257 1784 351 1844 fortan
374 1791 465 1845 totam
487 1783 634 1842 fornacem
655 1783 785 1841 Infimam
805 1783 1017 1862 conplectatur.
1060 1785 1085 1843 si
1103 1783 1220 1844 duobus
1239 1803 1326 1863 prae-

176 1892 283 1951 furniis
298 1910 418 1971 coques,
441 1890 545 1950 lacuna
565 1889 638 1949 nihil
660 1908 735 1968 opus
750 1890 815 1949 erit.
857 1908 925 1949 cum
940 1892 1040 1950 cipere
1056 1897 1141 1950 eruto
1160 1910 1236 1970 opus
1255 1896 1326 1975 erit,

176 1999 268 2059 altero
288 1999 458 2077 praefurnio
478 1999 588 2078 eruito,
611 1999 641 2056 in
661 1996 753 2056 altero
773 1998 850 2075 Ignis
860 1998 929 2057 erit.
967 1999 1065 2075 ignem
1089 2004 1191 2058 caveto
1216 2016 1253 2058 ne
1278 2001 1368 2060 in-15

176 2108 323 2166 termittas
347 2108 419 2185 quin
444 2123 561 2183 semper
584 2106 654 2184 siet,
680 2121 753 2162 neve
777 2111 866 2163 noctu
891 2122 964 2163 neve
988 2103 1047 2164 ullo
1072 2112 1206 2182 tempore
1229 2106 1325 2166 inter-

176 2216 310 2273 mittatur
330 2220 440 2273 caveto.
477 2211 604 2290 lapidem
624 2209 735 2269 bonum
754 2211 784 2269 in
800 2210 950 2270 fornacem
966 2230 1053 2290 quam
1068 2210 1327 2294 candidissimum,

137 2327 156 2383 3
177 2339 264 2399 quam
288 2320 408 2379 mtnime
434 2318 546 2377 varium
569 2316 672 2377 indito.
710 2335 777 2376 cum
802 2317 951 2376 fornacem
974 2318 1080 2399 facies,
1108 2319 1209 2379 fauces
1237 2339 1326 2399 prae·

153 2423 282 2505 'cipites
302 2425 441 2485 deorsum
460 2424 557 2484 facito.
595 2421 646 2482 ubi
666 2424 737 2482 satis
756 2421 876 2504 foderis,
901 2430 963 2483 tum
983 2425 1096 2486 fornaci
1110 2425 1209 2486 locum
1224 2428 1329 2510 facito,

176 2534 332 2610 utiquam
356 2530 497 2590 altissima
521 2537 551 2589 et
575 2547 662 2608 quam
686 2530 806 2588 minime
832 2536 951 2589 ventosa
970 2532 1035 2591 stet.
1073 2533 1218 2611 siparum
1232 2533 1326 2595 altam
1340 2543 1368 2582 ²⁰

249 2708 262 2756 1
282 2701 337 2756 nisi
355 2700 526 2755 intermestri
547 2700 623 2754 Ptin.
643 2704 761 2767 16,194
868 2706 985 2768 2quam
1003 2701 1117 2757 effodies
1136 2721 1158 2759 c.
1178 2708 1212 2759 31

249 2795 280 2844 17
299 2788 423 2858 lapidem
442 2787 547 2844 bonum
568 2788 645 2843 Ptin.
665 2793 783 2856 36,174
1164 2800 1168 2804 ’

249 2939 262 2986 1
281 2932 454 2988 intermestri
473 2933 521 2988 Pb
539 2937 564 2988 et
578 2932 680 2988 codices
700 2932 816 2987 Victorii
833 2931 953 3004 inlffistri
967 2933 994 2986 A
1012 2934 1217 2990 intermentrIc
1235 2935 1326 2992 inter-

175 3022 290 3078 menstri
305 3021 365 3090 fin
384 3022 548 3077 trimestria
620 3023 743 3091 lunaque
762 3021 910 3076 dimidiata
928 3040 962 3076 ne
981 3024 1081 3092 tangas
1099 3024 1246 3080 materiem
1262 3028 1327 3081 tam

176 3115 226 3181 (vet
243 3114 321 3182 tunc)
341 3110 457 3166 effodias
475 3113 524 3165 aut
542 3109 686 3180 praecidas
705 3110 807 3164 codices
827 3109 919 3164 Plinii
936 3114 982 3176 16,
1000 3115 1054 3166 194
1139 3119 1155 3165 2
1175 3113 1225 3166 abs
1244 3115 1327 3171 terra

178 3201 256 3255 PAb
276 3201 312 3254 ab
330 3201 406 3254 terra
424 3217 458 3254 co
547 3197 677 3252 comino
695 3196 723 3250 A
741 3213 809 3250 corr.
829 3199 942 3252 omnino
961 3197 1001 3251 A’
1083 3200 1267 3256 4materiem
1288 3204 1327 3258 bc

175 3288 322 3342 materiam
347 3286 403 3341 VA
421 3286 572 3351 matiemf
656 3283 721 3354 nisi]
742 3285 772 3338 ni
790 3284 817 3337 A
894 3287 1100 3343 5rorulentam
1118 3306 1134 3344 o
1152 3295 1178 3344 et
1197 3290 1326 3362 Plinius,

175 3377 342 3431 forulentam
357 3393 425 3431 corr.
445 3374 616 3430 rorulentam
630 3372 658 3426 A
675 3373 844 3428 forulentam
861 3375 928 3430 Pbc
945 3374 1114 3432 torulentam
1130 3381 1148 3446 f
1214 3378 1326 3436 faoebis

175 3466 261 3520 sarias
281 3465 370 3519 PAR
387 3465 432 3518 bis
450 3463 511 3516 face
531 3459 632 3514 sarrias
650 3479 674 3516 o.
711 3463 827 3530 fortasse
844 3461 890 3517 fac
909 3463 951 3517 uti
970 3464 1057 3520 sarias
1302 3501 1307 3512 ·

247 3562 263 3610 6
286 3554 318 3608 R.
341 3552 429 3607 XLIII
451 3550 494 3604 De
517 3548 600 3604 uinea
623 3550 652 3604 et
674 3550 820 3605 arboribus
842 3552 947 3620 putatis
965 3553 1060 3621 APt,
1087 3558 1146 3611 aiae
1164 3558 1281 3614 rubrica
1299 3566 1326 3616 et

175 3646 240 3700 rioci
258 3643 357 3712 capitts
375 3639 514 3694 coatrae
618 3645 633 3694 ‘1
650 3641 767 3707 fortasse
786 3641 815 3694 et
833 3639 952 3696 fascinas
971 3641 1032 3696 face
1051 3646 1080 3698 et
1098 3645 1164 3699 vitis
1183 3645 1276 3717 alliga
1296 3653 1326 3705 et

174 3733 255 3801 ligna
327 3727 461 3783 fascinam
478 3728 568 3782 PAR
586 3727 741 3782 fiscinamo
813 3728 875 3784 face
894 3747 929 3785 co
948 3731 1039 3786 facere
1056 3733 1126 3800 be
1138 3734 1201 3788 fem
1219 3736 1247 3790 A

175 3819 272 3888 lingna
290 3805 317 3870 A
389 3817 509 3872 ficulnea
525 3818 582 3885 fet
599 3818 655 3873 cod.
672 3817 760 3872 Lacr.
776 3823 878 3889 30,10‚
897 3818 999 3874 ficulna
1018 3820 1116 3876 PAbc
1134 3822 1248 3879 fuculna
1268 3843 1286 3881 v

206 3912 222 3960 8
242 3922 377 3976 compone
397 3906 456 3960 PB
475 3923 580 3976 copone
598 3905 626 3967 A
641 3906 840 3976 ‚componitoe

246 3996 313 4050 911.
331 3995 434 4050 XLIIII
456 3995 497 4051 De
520 3994 632 4050 fornace
652 3994 801 4050 calcariam
819 3999 846 4050 A
874 3996 915 4052 De
934 3997 1046 4052 fornace
1065 3995 1185 4052 calcaria
1202 3998 1248 4054 Pb
1279 4003 1325 4059 De

174 4086 285 4142 fornace
304 4087 464 4141 calcareas
557 4090 589 4138 lo
608 4085 644 4138 ad
662 4084 748 4153 pedes
766 4088 824 4140 tres
843 4087 879 4142 bo
908 4086 944 4140 ad
968 4086 1030 4155 ped.
1050 4088 1106 4140 tres
1127 4086 1204 4142 PAc
1299 4092 1325 4146 si

174 4175 240 4250 uino
259 4192 328 4230 corr.
349 4174 373 4228 si
390 4191 445 4228 uno
464 4174 492 4228 A
570 4179 603 4228 13
622 4173 814 4243 conplectatur
832 4175 859 4228 A
878 4176 1082 4245 complectatur
1106 4174 1162 4230 VR
1239 4195 1324 4246 prae-

174 4261 274 4316 furniis
289 4264 339 4316 Ao
355 4260 509 4331 praefurnis
524 4262 591 4330 Pcf
598 4244 754 4332 praefuriis
772 4265 788 4318 b
862 4269 896 4317 14
913 4262 1001 4319 nichil
1019 4247 1121 4334 opuirit
1139 4265 1166 4318 A

177 4353 292 4498 malcum
310 4349 451 4405 fornacem
475 4350 518 4407 Vc
536 4352 729 4408 confornacem
749 4353 776 4406 A
796 4370 881 4423 quum
899 4353 1041 4409 fornacem
1061 4355 1076 4410 b
1167 4360 1202 4408 20
1220 4359 1325 4415 uento·

176 4452 207 4490 sa
226 4436 263 4494 'et
280 4438 308 4494 A
