3000 5026
381 337 511 393 RERVM
529 337 766 393 RVSTICARVM
787 340 851 394 [AB.
870 338 909 392 ΙΙΙ
931 334 969 391 16
1193 338 1257 403 307

114 505 203 563 ctiam
227 522 346 582 paucae.
393 514 475 565 extra
495 508 603 566 ostium
623 505 697 566 alvei
716 514 856 584 opturant
875 509 982 588 omnia,
1005 525 1062 585 qua
1083 507 1161 566 veuit
1180 508 1259 565 inter

113 611 194 683 favos
223 613 359 692 spiritus,
391 630 480 690 quam
507 613 657 673 erithacen
687 613 835 692 appellant
862 613 974 673 Graeci.
1027 632 1129 673 omues
1161 621 1195 672 nt
1222 615 1283 674 in9

114 721 248 779 exercitu
278 721 380 778 vivunt
408 730 496 798 atque
525 718 647 780 alteruis
676 722 828 781 dormiunt
856 730 885 780 et
914 738 988 799 opus
1014 720 1124 780 iaciunt
1147 721 1258 797 pariter

113 833 143 883 et
167 833 201 884 ut
224 825 354 885 colonias
380 828 508 906 mittunt,
533 828 613 904 iique
638 826 728 886 eluces
753 828 915 887 conficiunt
939 827 1081 905 quaedam
1102 826 1136 886 ad
1156 845 1257 886 vocem

81 937 147 989 aut
175 932 338 991 imitatione
368 933 464 1017 tubae.
511 941 573 992 tum
602 932 630 992 id
661 933 785 1012 faciunt,
815 952 882 993 cum
911 936 990 993 inter
1014 952 1045 992 se
1070 935 1152 1010 sigua
1176 935 1257 1010 pacis

112 1056 146 1096 ac
176 1037 245 1097 belli
274 1037 409 1099 habeant.
461 1040 526 1118 scd,
560 1059 576 1098 o
605 1038 730 1120 Merula,
758 1040 849 1099 huius
882 1050 983 1100 noster
1016 1058 1053 1099 ne
1081 1040 1152 1100 dum
1185 1039 1257 1099 haec

112 1144 195 1204 audit
221 1145 372 1224 physicam
401 1146 544 1226 achimei,
573 1147 650 1224 quod
680 1147 715 1206 de
741 1148 840 1206 fructu
865 1146 937 1205 nihil
961 1147 1034 1225 dixi,
1064 1165 1142 1206 nunc
1166 1165 1256 1206 cursu

112 1251 246 1330 lampada
271 1252 331 1311 tihe
355 1253 448 1312 trado.

201 1358 326 1439 Merula,
356 1359 395 1419 [le
420 1360 532 1439 hucin,
561 1363 671 1440 inquit,
701 1361 858 1441 hochioc,
887 1362 964 1441 quod
991 1362 1114 1421 fortasse
1139 1379 1175 1419 an
1200 1359 1254 1419 tibi
1265 1363 1306 1420 10

66 1468 185 1526 usalis
209 1468 255 1545 sit,
281 1467 343 1546 Axi,
367 1468 396 1525 in
421 1486 479 1545 qtm
503 1476 654 1528 auctorem
679 1468 772 1528 habeo
795 1488 854 1528 non
880 1468 974 1529 solum
999 1470 1049 1546 qni
1073 1467 1180 1527 alvaria
1204 1485 1256 1526 sua

110 1573 206 1632 locata
239 1572 328 1633 habet
356 1576 513 1652 quotannis
543 1577 642 1653 quiuis
672 1576 790 1636 milibus
819 1576 917 1654 pondo
946 1574 1054 1655 melliS,
1088 1574 1139 1633 sed
1169 1575 1256 1632 etiam

109 1680 192 1740 hunc
217 1679 376 1740 Varronem
400 1688 550 1760 nostrum,
580 1700 668 1760 quem
696 1682 793 1742 audiri
822 1682 970 1741 dicentem
998 1681 1057 1740 duo
1088 1680 1196 1740 milites
1225 1698 1257 1740 se

109 1785 250 1846 habuisse
279 1788 310 1844 in
334 1786 473 1864 Hispania
502 1787 607 1847 iratres
633 1787 767 1847 Veianius
796 1807 830 1847 ex
861 1806 930 1865 agro
955 1787 1067 1847 Falisco
1091 1787 1257 1866 locupletis,

109 1892 220 1970 quihus
245 1911 312 1952 cum
337 1912 352 1953 a
376 1903 459 1972 patre
485 1894 585 1955 relicta
611 1902 690 1954 essct
713 1913 801 1973 parva
826 1893 891 1954 villa
915 1902 944 1954 et
969 1894 1079 1972 agellus
1105 1912 1162 1953 nou
1187 1912 1256 1953 sane

65 2013 92 2052 1⁵
110 2002 206 2059 maior
239 2002 342 2078 iugero
376 2019 449 2080 uno,
483 2001 535 2060 hos
565 2003 677 2063 circum
713 2000 807 2060 villam
839 2009 927 2060 totam
956 2000 1062 2060 alvaria
1092 2001 1198 2059 iecisse
1228 2008 1257 2059 et

109 2107 232 2166 hortum
252 2107 390 2167 habuisse
414 2127 448 2167 ac
472 2107 595 2168 relicum
620 2107 719 2186 thymo
739 2116 768 2166 et
788 2110 881 2186 cytiso
901 2109 1050 2186 upsevisse
1070 2114 1100 2167 et
1119 2110 1256 2185 apiastro,

109 2214 190 2292 quod
219 2213 269 2273 alii
297 2213 499 2293 meliphyllon‚
528 2214 577 2273 alii
607 2213 859 2294 melissophyllon,
888 2215 1006 2293 quidam
1036 2213 1182 2273 mellinam
1208 2231 1255 2291 ap-

107 2320 229 2399 pellant.
274 2320 329 2380 hos
348 2339 508 2399 numquam
531 2324 643 2401 minus,
667 2329 700 2380 ut
724 2340 870 2401 peraeque
894 2322 1050 2399 ducerent,
1074 2320 1149 2379 dena
1173 2319 1302 2379 miliall

1487 1882 1497 1939 r

1475 1956 1492 2033 l

185 2570 216 2618 16
236 2565 359 2634 apiastro
379 2566 453 2634 quod
472 2565 521 2618 alii
540 2564 771 2634 melissophyllum
791 2567 869 2620 schol.
884 2567 915 2619 in
933 2564 1010 2633 Verq.
1025 2581 1111 2634 peorp.
1128 2563 1207 2616 IIII
1220 2567 1255 2617 63

211 2804 223 2848 1
249 2797 348 2851 ostium
380 2797 404 2848 V
424 2795 544 2850 hostium
568 2796 626 2849 AB
717 2799 850 2864 eplorant
870 2797 924 2848 PA
950 2797 1083 2848 obturant
1101 2796 1149 2848 Bc
1240 2801 1255 2847 2

107 2902 195 2952 quam
220 2885 362 2940 erithacen
383 2885 411 2937 Β
434 2901 517 2951 quam
543 2884 706 2937 erhithucen
725 2884 752 2936 P
774 2885 917 2937 erithaceu
940 2900 1024 2952 quam
1042 2883 1070 2936 A
1094 2899 1176 2950 quam
1200 2883 1256 2936 rhi-
1288 2938 1293 2947 ,

105 2975 246 3027 thaceno
319 2982 334 3028 3
360 2971 474 3027 exerciti
493 2972 522 3027 A
539 2989 606 3026 corr.
628 3004 660 3011 -
680 2975 711 3026 hu
730 2972 771 3026 Α2
843 2974 926 3039 alque
947 2973 994 3025 Bu
1014 2973 1103 3038 adque
1125 2971 1184 3023 PA

104 3062 216 3116 fatiunt
238 3063 265 3116 A
337 3065 401 3115 cet
421 3067 483 3115 onte
502 3064 532 3115 ut
555 3078 604 3116 om.
627 3061 654 3114 A
728 3060 866 3114 blatiuni
887 3060 915 3115 A
987 3060 1107 3113 6Axius
1125 3062 1254 3112 nostele

105 3151 157 3205 axi
179 3153 274 3205 noster
293 3152 381 3206 PAR
473 3158 487 3204 7
511 3150 655 3219 physicam
680 3149 826 3219 (phisicam
845 3151 882 3217 A)
906 3149 1032 3204 achimei
1051 3149 1141 3203 PAB
1161 3146 1255 3218 physi-

106 3257 173 3294 cam
198 3240 323 3294 addiscat
341 3259 364 3294 o.
404 3240 496 3293 ‘Nihil
518 3241 562 3294 hic
586 3241 715 3305 occinui,
739 3245 871 3293 uetustum
895 3245 984 3293 tuanen
1006 3241 1172 3306 scripturam
1191 3254 1255 3306 pro·

99 3346 225 3401 ponam,
261 3347 329 3398 quoe
361 3329 453 3396 siquid
484 3330 516 3381 ln
547 3345 574 3380 sc
606 3329 670 3382 honi
701 3329 793 3392 hahet,
824 3329 906 3381 ualde
937 3328 981 3380 hic
1004 3330 1195 3395 pertinacium
1222 3345 1256 3382 oc

105 3421 283 3474 obscuratum
315 3419 407 3471 habet:
439 3416 585 3484 Physieam
623 3417 757 3471 aohiscat’
794 3417 938 3471 Victorius.
989 3416 1106 3485 physica
1142 3418 1256 3473 fatiscat

105 3508 291 3564 Schneiderus
380 3507 467 3560 nichil
496 3508 521 3560 A
611 3523 684 3560 nunc
713 3507 858 3560 Iucundos
885 3524 940 3561 non
975 3506 1063 3560 VAB
1153 3513 1169 3559 8
1196 3506 1255 3560 libe

105 3597 193 3652 trado
216 3597 303 3650 VAB
321 3595 375 3649 ubi
394 3597 473 3650 lrado
493 3597 640 3651 Iracundus

197 3694 212 3740 9
231 3686 323 3754 inquii
342 3687 389 3739 Bu
409 3683 506 3752 inquid
525 3684 582 3740 PA
673 3689 704 3736 10
723 3683 753 3737 in
772 3702 826 3751 quo
846 3686 988 3738 auctorem
1013 3684 1039 3736 V
1055 3684 1083 3736 in
1102 3700 1156 3751 quo
1176 3685 1253 3737 aulo·

104 3848 167 3886 rem
193 3787 377 3883 Banaupprem
399 3826 427 3880 A
520 3833 549 3879 ll
579 3825 725 3894 quotannis
750 3826 797 3879 Bo
825 3826 900 3894 quod
927 3827 1007 3880 unnis
1036 3828 1064 3881 P
1084 3829 1103 3896 (Ῑ
1127 3825 1206 3881 aunis
1228 3826 1256 3880 A

203 3925 234 3971 13
262 3915 388 3970 ueianios
421 3915 475 3968 VA
504 3915 630 3968 uelanios
653 3916 681 3968 Β
771 3914 919 3984 locupletis
945 3916 1036 3970 PAB
1063 3906 1216 3986 locupletes
1239 3933 1254 3969 u

185 4013 217 4061 15
245 4006 345 4074 lolem]
373 4007 465 4058 totum
493 4007 518 4058 A
592 4005 727 4059 caluariam
757 4005 812 4057 PA
842 4005 978 4058 alnarium
1003 4006 1031 4058 Β
1059 4005 1212 4058 clocarium
1239 4022 1255 4058 c

203 4103 235 4150 16
254 4095 369 4148 relicum
391 4093 482 4146 PAB
500 4095 636 4162 reliquum
656 4111 671 4147 o
757 4092 866 4160 cythiso
891 4092 917 4144 V
933 4092 1033 4144 eithiso
1053 4095 1079 4144 A
1099 4093 1208 4160 cithyso
1227 4093 1255 4146 B

196 4183 337 4254 opseuisse
357 4182 447 4236 PAB
468 4183 660 4252 oppleuisseo
746 4189 778 4235 17
798 4180 979 4249 meliphyllon
1000 4179 1028 4234 A
1045 4179 1209 4249 meliphyllo
1229 4182 1258 4236 P

104 4273 308 4344 melliphyllon
328 4274 359 4342 ‚B
382 4271 527 4340 meliphilo
550 4290 567 4326 o
657 4269 887 4339 melissophyllou
907 4270 963 4322 PB
986 4267 1209 4338 melissophillon
1228 4271 1256 4325 A

104 4361 310 4432 melisophilou
332 4379 348 4415 u
420 4361 561 4414 mellinum
582 4362 672 4415 PAR
695 4360 809 4415 mellina
831 4376 858 4412 ru
880 4358 1023 4412 mellinom
1042 4377 1065 4412 o.
1105 4359 1255 4427 ‘Optimum

104 4452 261 4522 ememplar,
281 4449 429 4519 Mellinen,
448 4450 537 4506 leobel’
564 4450 701 4506 Victorius
774 4453 806 4503 18
825 4464 968 4516 nunqnam
992 4448 1018 4500 V
