3000 5026
353 359 483 415 RERVM
501 360 736 416 RVSTIOARVM
754 362 821 418 LIB.
840 362 878 416 Ill
899 358 975 416 3-5
1174 363 1237 427 277

95 545 164 587 ares
193 527 264 588 alias
294 547 426 610 qnoque,
453 546 528 607 quae
556 529 682 606 pingues
709 537 839 589 veneunt
866 548 947 611 care,
975 541 1009 591 ut
1036 530 1177 591 miliariae
1201 524 1240 591 'ao

95 636 275 696 coturnices.
324 638 355 696 in
387 635 444 696 hoo
471 642 582 697 tectum
613 653 719 714 aquam
746 638 847 697 venire
876 646 994 716 oportet
1021 656 1075 717 per
1102 638 1239 718 fistulam,

96 749 126 802 et
149 760 214 802 eam
237 745 336 822 potius
360 762 414 822 per
437 742 553 803 canales
577 751 717 821 augustas
741 761 870 824 serpere,
894 764 969 824 quae
990 746 1072 805 laeile
1092 749 1241 823 extergeri

95 850 212 927 possint
240 842 282 932 (si
309 852 388 911 enim
415 849 473 910 late
501 847 543 908 ibi
571 849 676 909 dillnsa
705 869 792 930 aqna,
823 859 853 911 et
876 854 1049 930 inquinatur
1072 852 1186 913 facilius
1210 862 1240 912 et

68 956 211 1030 ebibitur
228 949 437 1044 inutilinfflet
456 974 492 1016 ex
511 957 554 1015 eis
574 955 683 1016 caduca
703 975 778 1034 quae
793 956 923 1018 abundat
937 977 991 1036 per
1005 958 1132 1018 fistulam
1150 960 1239 1037 exire,

95 1082 133 1124 ne
156 1063 219 1125 luto
244 1083 311 1124 ares
333 1062 476 1123 laborent.
513 1065 621 1124 ostium
646 1063 754 1123 habere
778 1063 888 1124 humile
912 1073 942 1125 et
960 1075 1118 1144 angustum
1137 1074 1168 1126 et
1185 1071 1265 1144 po-3

96 1173 244 1231 tissimum
268 1171 333 1230 eius
357 1172 488 1249 generis,
512 1169 589 1248 quod
615 1169 758 1230 ooohliam
781 1171 942 1251 appellant,
967 1180 1000 1232 ut
1024 1171 1098 1232 solet
1122 1190 1187 1232 esse
1210 1175 1240 1232 iu

96 1296 192 1356 eavea,
216 1279 248 1337 in
272 1295 328 1355 qna
352 1279 430 1336 tauri
453 1295 585 1356 pugnare
605 1277 714 1338 solent:
738 1278 883 1339 fenestras
904 1296 994 1360 raras,
1017 1297 1071 1358 per
1090 1298 1163 1358 quas
1184 1297 1241 1339 non

97 1386 253 1445 videantur
280 1386 466 1445 extrinsecus
490 1384 611 1445 arbores
635 1392 686 1445 ant
709 1404 790 1465 ares,
818 1385 896 1464 quod
921 1405 1022 1446 earum
1047 1394 1184 1464 aspertus
1208 1405 1241 1446 ao

53 1491 279 1553 rodesiderium
315 1509 501 1553 marcescere
539 1492 609 1552 lacit
641 1491 777 1552 volueres
809 1492 946 1553 inclusas.
997 1500 1111 1553 tantum
1144 1493 1240 1553 lorum

95 1599 218 1659 luminis
241 1598 350 1658 habere
374 1607 500 1680 oportet,
524 1609 557 1660 ut
581 1617 648 1658 aves
673 1599 772 1659 videre
797 1602 919 1679 possint,
943 1599 994 1659 ubi
1018 1600 1166 1678 adsidam,
1190 1600 1241 1660 uhi

96 1704 195 1784 cibus,
229 1703 281 1764 ubi
313 1723 386 1783 aqna
420 1706 467 1764 sit..
518 1706 643 1764 tectorio
677 1712 754 1764 taeta
785 1723 850 1765 esse
879 1705 934 1765 levi
963 1709 1076 1766 oireum
1105 1709 1180 1766 ostia
1208 1724 1241 1766 ao

96 1813 256 1891 fenestras,
284 1830 380 1890 nequa
407 1813 518 1870 intrare
548 1829 614 1870 mus
638 1810 728 1871 aliave
758 1830 832 1890 quae
856 1811 951 1872 bestia
974 1815 1075 1891 possit.
1123 1815 1267 1874 'eircuml

95 1919 186 1979 huius
218 1918 334 1978 aedifici
366 1919 494 1996 parietes
527 1919 708 1978 intrinsecus
737 1917 845 1979 multos
873 1937 938 1978 esse
968 1919 1062 2001 palos,
1095 1919 1146 1980 ubi
1174 1938 1242 1979 aves

54 2012 84 2078 3⁵
98 2024 235 2086 adsidere
259 2025 383 2102 possint,
407 2033 560 2102 praeterea
585 2023 628 2101 [e]
653 2025 775 2102 perticis
798 2024 946 2085 inclinatis
970 2045 1006 2085 ex
1029 2027 1118 2086 humo
1138 2028 1173 2087 ad
1193 2045 1242 2104 pa-

96 2136 202 2194 rietem
236 2139 267 2191 et
297 2133 328 2190 in
362 2133 404 2190 eis
437 2133 577 2191 traversis
606 2131 750 2210 gradatim
779 2133 903 2192 modieis
931 2133 1092 2193 intervallis
1120 2134 1242 2212 perticis

96 2240 220 2301 adnexis
244 2238 279 2298 ad
304 2239 434 2316 speeiem
457 2237 654 2298 cancellorum
680 2239 866 2299 scenicorum
890 2258 924 2299 ae
949 2239 1065 2300 theatri.
1103 2240 1241 2299 deorsum

97 2351 128 2408 in
153 2354 262 2406 terram
286 2363 352 2404 esse
376 2363 491 2424 aquam,
516 2362 602 2423 qnam
626 2343 728 2404 bibere
753 2347 877 2424 possint,
901 2344 1012 2406 cibatui
1031 2347 1103 2406 ollas
1122 2348 1242 2425 positas,

96 2472 150 2515 eae
178 2455 303 2513 maxime
331 2451 532 2530 glomerantur
560 2470 595 2511 ex
619 2452 684 2527 ficis
708 2460 737 2512 et
760 2451 838 2513 larre
862 2455 962 2513 mixto.
1008 2452 1112 2533 diebps
1140 2453 1244 2530 viginti

53 2569 257 2642 anantequpm
281 2557 384 2646 tulere
409 2558 472 2637 qul-t
494 2557 607 2643 turdos,
630 2557 741 2645 largius
765 2558 815 2637 dat
838 2559 946 2646 eibpm,
971 2560 1050 2638 quod
1074 2559 1141 2638 plus
1160 2561 1244 2637 ponit

99 2648 130 2729 eb
158 2667 236 2727 farre
260 2664 415 2726 subtiliore
440 2666 544 2743 incipit
567 2664 654 2724 alere.
701 2667 732 2724 in
756 2664 812 2726 hoo
836 2673 915 2726 tecto
940 2669 1029 2727 eaviis
1054 2685 1129 2745 qnae
1154 2667 1243 2726 oaviis

191 2952 204 2998 1
226 2944 345 3015 pingues
368 2959 438 3011 quae
460 2958 528 2996 corr.
548 2957 620 3009 quae
638 2940 757 3010 pingues
776 2942 804 2995 B
894 2947 909 2992 2
930 2941 1086 2995 coturnices
1112 2943 1244 2996 Ventor-

97 3071 176 3126 niees
190 3070 251 3125 AB
303 3037 397 3122 tec‘um
412 3067 439 3121 A
493 3066 640 3120 3eanales
662 3066 829 3119 Vearnales
844 3066 871 3119 B
890 3071 914 3119 et
932 3066 1015 3120 deleto
1030 3086 1043 3119 r
1057 3067 1083 3119 A
1138 3065 1243 3136 tlate]

97 3194 176 3262 laete
193 3192 222 3249 A
280 3159 401 3249 todeca
420 3191 447 3245 A
467 3190 600 3247 caducam
620 3191 755 3245 Gmoerus
809 3189 954 3244 habundat
973 3192 998 3242 A
1054 3190 1199 3244 6labores
1218 3191 1246 3245 A

98 3303 169 3341 corr.
190 3316 223 3324 -
243 3282 345 3338 entA2
418 3280 591 3336 'lcoohliam
611 3280 637 3333 V
654 3279 815 3335 coeliamB
829 3277 958 3334 cloeliam
972 3279 1000 3334 A
1074 3286 1106 3333 10
1126 3296 1245 3333 mareas-

99 3371 265 3430 eerePAB
278 3388 472 3427 macresceret)
519 3378 550 3424 11
566 3367 937 3425 adsidantAassidantVB
984 3374 1016 3421 12
1031 3371 1109 3424 taeta
1118 3387 1178 3424 esse
1189 3368 1247 3424 PB

100 3466 178 3519 tecta
197 3478 256 3517 esse
271 3462 360 3516 Amo.
399 3458 538 3515 ‘Tentorio
557 3461 637 3514 taeta
651 3474 711 3513 esse
726 3455 798 3535 leui..
834 3457 916 3512 Vetus
930 3459 995 3513 haee
1008 3464 1046 3512 est
1061 3460 1146 3526 lertio,
1164 3476 1245 3528 quum

98 3552 220 3622 probam
236 3592 241 3605 .
257 3555 339 3604 antea
357 3550 389 3603 in
406 3549 512 3602 excusis
533 3547 624 3601 Tecto.
661 3546 724 3600 Hor
742 3547 774 3600 tu
788 3547 859 3601 libro
872 3548 982 3613 iterum,
1001 3547 1049 3600 uhi
1063 3548 1096 3600 de
1110 3548 1246 3614 leporibus

100 3641 180 3713 [III
197 3644 251 3707 12,
269 3639 314 3708 3]‚
337 3637 371 3692 Vt
390 3637 499 3691 tectorio
518 3636 679 3700 laetasint,
699 3641 724 3689 et
741 3637 798 3689 sint
816 3637 882 3689 alla.
920 3637 999 3690 Idem
1018 3652 1093 3690 error
1112 3641 1170 3689 erat
1188 3636 1247 3689 illie

99 3769 132 3822 a
151 3747 430 3821 achaemenius
497 3760 569 3814 osta
594 3758 727 3812 rhosan
745 3760 805 3813 Aa
870 3766 902 3813 13
922 3759 1022 3830 nestra]
1041 3725 1108 3814 oet?
1121 3758 1149 3813 A
1214 3765 1247 3813 14

100 3853 224 3911 aedificii
238 3849 439 3909 VBedifitiiA
494 3854 526 3902 15
541 3847 836 3904 adsidereAassidere
852 3848 909 3903 VB
965 3855 996 3902 16
1012 3849 1144 3903 tranensis
1156 3848 1247 3903 PAB

100 3942 301 4000 transuersiso
357 3946 389 3994 17
405 3937 520 3993 adnexis
535 3938 595 3993 AB
608 3936 769 3992 annexisV
821 3936 1096 4007 21alere]allereA
1150 3936 1179 3990 in
1193 3936 1247 3990 hoo

102 4035 180 4089 tecto
210 4022 352 4099 eaueaque¹
377 4027 507 4082 tabulata
533 4029 656 4082 habeant
684 4024 792 4095 aliquot
815 4026 852 4080 ad
875 4027 997 4094 perticae
1021 4024 1246 4092 supplementum

102 4122 260 4178 Iracundus.
304 4119 396 4173 ‘Nthu
423 4119 582 4184 immutant,
610 4118 753 4185 antiquum
777 4121 866 4169 tamen
889 4116 1056 4182 scripturam
1078 4118 1171 4164 notam
1194 4128 1247 4165 esse

100 4213 176 4280 nolo,
195 4212 220 4264 si
238 4209 305 4278 quid
324 4209 383 4276 opis
403 4209 501 4274 afferre
514 4208 604 4276 possit
623 4209 659 4261 ad
678 4207 765 4260 locum
783 4204 980 4258 restituendum
995 4224 1001 4256 :
1016 4204 1065 4272 qut
1079 4217 1140 4254 enm
1158 4204 1246 4254 tonto-

97 4318 166 4373 pere
184 4318 203 4354 α
221 4299 358 4353 ueteribus
376 4297 499 4365 uertiye'is
517 4297 663 4364 discrepet,
682 4296 776 4349 merito
795 4298 933 4360 suspectus
952 4292 1105 4346 resedebat.
1144 4290 1174 4343 ln
1193 4290 1246 4344 hoo

98 4391 179 4447 teoto
199 4385 295 4454 oauiis,
314 4400 385 4454 quae
405 4384 491 4438 eauiis
509 4385 639 4439 tabulata
656 4383 781 4437 habeant
795 4381 910 4448 aliquod
925 4381 1058 4449 adportat
1072 4378 1247 4448 subplemen-

101 4477 176 4541 tum’
202 4475 340 4531 Victorius
355 4518 361 4530 .
375 4475 490 4540 fortusse
513 4473 544 4527 in
565 4473 619 4527 hoe
642 4474 718 4527 teoto
743 4486 856 4538 caveas,
881 4487 952 4537 quae
975 4468 1103 4524 tabulata
1125 4466 1249 4522 habeant

1464 1948 1479 2017 ἐ
