3000 5026
163 335 229 399 202
655 334 846 390 VARRONIS

164 510 381 580 conrepserunt
410 501 523 561 relictis
545 500 620 561 lalce
643 510 674 561 et
695 510 795 560 aratro
817 511 847 561 et
869 520 975 579 manus
997 520 1117 583 mor-ere
1128 504 1309 593 Quum

163 611 203 689 in
217 607 334 689 theatm
356 625 391 686 ac
411 608 500 686 circo,
524 626 613 686 quam
631 610 662 667 in
681 607 833 686 segetibus
851 627 886 669 ac
904 612 1021 689 vinetis,
1044 607 1106 687 [aa]
1125 609 1309 671 numentum

163 714 294 774 locamus
323 715 375 793 qni
399 713 485 773 nobis
508 713 646 793 adrehat,
670 717 722 793 qni
744 717 839 774 saturi
861 716 981 796 fiamus,
1005 734 1041 775 er
1065 716 1164 776 Africa
1187 725 1219 776 et
1242 715 1308 776 sar-

163 821 256 898 dinia,
288 829 319 880 et
350 819 474 881 navibus
507 820 683 880 vindemiam
711 821 868 882 condimus
896 840 931 882 er
960 821 1057 882 insula
1083 821 1144 882 Coa
1170 832 1202 884 et
1228 823 1308 884 Chia

136 929 267 1005 4itaquc
295 928 326 986 in
350 946 408 1006 qna
431 935 511 986 terra
534 927 681 987 culturam
704 930 768 1006 agri
790 927 958 989 docuerunt
980 938 1115 1007 pastores
1136 933 1334 1009 progeniems

164 1052 257 1113 suam,
281 1036 333 1112 qui
351 1034 550 1094 condiderunt
569 1033 683 1114 urbem,
701 1032 744 1094 ibi
764 1044 868 1095 contra
885 1039 1045 1114 progenies
1063 1053 1169 1096 eorum
1186 1045 1310 1116 propter

163 1143 314 1200 avaritiam
342 1150 445 1201 contra
473 1141 554 1219 leges
581 1160 616 1201 er
645 1142 796 1220 segetibus
823 1142 894 1203 lecit
921 1152 1019 1222 prata,
1050 1144 1224 1221 ignorantes
1251 1162 1310 1205 non

163 1249 241 1308 idem
274 1267 341 1309 esse
373 1250 437 1325 agri
468 1247 615 1309 culturam
648 1256 678 1308 et
709 1251 883 1328 pastionem
936 1249 1013 1310 alius
1045 1251 1125 1308 enim
1157 1248 1250 1328 opilio
1281 1259 1311 1310 et

164 1363 275 1436 arator3
303 1374 358 1415 nec
386 1358 413 1416 si
440 1364 566 1435 possunt
593 1357 625 1415 in
648 1373 720 1434 agro
742 1358 825 1434 pasci
847 1365 1001 1437 armento,
1029 1359 1229 1417 armentarius
1252 1375 1310 1417 non

162 1461 297 1540 aliutac
320 1460 477 1524 bubulcus.
523 1470 691 1522 armentum
714 1465 794 1522 enim
817 1463 846 1522 id
872 1462 951 1541 quod
974 1465 1006 1523 in
1029 1482 1100 1542 agro
1124 1474 1228 1524 natum
1250 1483 1309 1524 non
1323 1483 1348 1522 1o

162 1577 253 1642 creat,
276 1567 328 1628 sed
353 1568 430 1629 tollit
452 1568 601 1628 dentibus.
646 1577 750 1629 contra
773 1568 828 1628 bos
851 1569 982 1631 domitus
1004 1589 1094 1631 causa
1117 1572 1210 1631 litut
1232 1590 1311 1631 com·

162 1676 280 1735 modius
322 1682 461 1735 nascatur
496 1675 678 1735 trumentum
710 1678 742 1736 in
774 1683 875 1753 segete
907 1685 938 1735 et
968 1676 1110 1754 pabulum
1142 1679 1173 1737 in
1205 1677 1310 1738 novali

137 1782 231 1862 5alia,
254 1784 384 1862 inquam,
407 1784 482 1841 ratio
501 1800 535 1841 ac
554 1784 679 1842 scientia
697 1782 804 1862 coloni,
827 1782 881 1842 alia
901 1785 1043 1861 pastoris:
1066 1782 1218 1845 colonica
1237 1804 1312 1865 quae

163 1890 227 1966 agri
254 1887 371 1948 cultura
399 1888 510 1948 lactum
538 1896 571 1948 ut
599 1897 796 1950 nascerentur
823 1908 841 1948 e
868 1898 961 1969 terra,
988 1899 1092 1950 contra
1120 1893 1251 1969 pastoris
1278 1910 1311 1952 ea

162 2014 238 2075 qnae
261 2003 328 2055 nata
352 2014 388 2055 ex
411 2014 528 2074 pecore.
574 2014 701 2074 quarum
726 1997 865 2074 quoniam
889 1997 1016 2056 socictm
1039 1998 1119 2056 inter
1141 2015 1175 2056 se
1197 2016 1311 2076 magna,
1324 2018 1354 2057 1..

162 2111 320 2182 propterea
357 2102 436 2181 qnod
474 2101 615 2180 pabulum
651 2105 683 2163 in
720 2102 812 2163 lnndo
846 2120 1027 2180 conpascere
1061 2121 1150 2182 quam
1181 2105 1311 2165 vendere

162 2210 338 2290 plerumque
366 2211 459 2287 magis
486 2208 606 2287 expedit
628 2209 748 2269 domino
772 2209 857 2269 fundi
880 2216 910 2268 et
933 2211 1109 2270 stercoratio
1132 2209 1169 2270 ad
1193 2211 1311 2272 tructus

162 2323 322 2376 terrestres
344 2317 496 2393 aptissima
520 2323 550 2374 et
573 2334 709 2376 maxume
728 2316 764 2375 ad
784 2315 814 2376 id
833 2333 926 2394 pecus
944 2315 1126 2397 adpositum,
1151 2319 1205 2396 qui
1223 2317 1311 2381 hahet

162 2421 326 2502 praedium,
348 2420 458 2481 habere
481 2428 638 2499 utramque
662 2420 751 2482 debet
773 2420 969 2500 disciplinam,
992 2429 1023 2482 et
1045 2424 1109 2501 agri
1128 2421 1264 2484 culturae
1282 2432 1312 2485 et

162 2530 280 2608 pecoris
308 2527 449 2606 pascendi
477 2535 507 2587 et
534 2529 622 2587 etiam
652 2527 796 2588 villaticae
820 2529 973 2607 pastionis.
1018 2547 1055 2588 ex
1078 2547 1113 2589 ea
1136 2532 1217 2590 enim
1240 2549 1310 2611 quo

164 2654 222 2714 que
246 2634 362 2694 tructus
384 2633 448 2694 tolli
470 2643 597 2712 possunt
615 2654 675 2695 non
693 2635 869 2715 mediocres,
892 2652 928 2694 er
947 2634 1159 2696 ornithonibus
1177 2655 1213 2697 ac
1231 2636 1309 2716 lcpo

218 2858 535 2929 lcorrepseruntVAB
580 2858 658 2913 facee
667 2875 736 2913 corr.
746 2858 856 2913 falceA
892 2859 1206 2915 taceatefmmentnm
1216 2863 1354 2920 deleoitss

163 2950 311 3004 Iacmzdas
364 2948 554 3002 3aduehato
573 2949 676 3003 adueat
689 2948 781 3003 PAB
835 2946 884 3015 qui
902 2948 991 3002 saturi
1009 2979 1043 2987 -
1063 2949 1209 3004 condimus
1221 2967 1350 3020 omeR

162 3039 226 3092 add.
250 3037 341 3091 PAB
421 3053 455 3090 ex
483 3037 571 3090 africa
593 3038 653 3091 AB
681 3053 715 3090 ex
742 3035 865 3106 aphryca
888 3035 916 3088 P
993 3037 1023 3091 et
1045 3035 1170 3093 sardinia
1196 3040 1256 3094 ΡΑ
1277 3057 1354 3096 e-

163 3125 287 3180 sardinia
300 3127 328 3180 B
378 3127 511 3180 turbem
524 3125 565 3179 ibi
585 3126 642 3180 VB
655 3125 752 3178 urbem
767 3142 847 3179 suam
860 3122 902 3178 ibi
915 3125 983 3192 Am,
1000 3127 1048 3180 aed
1061 3144 1141 3181 suam
1154 3129 1354 3184 deletumk

236 3221 251 3269 ‘l
278 3214 428 3269 auariciam
452 3214 508 3268 VA
580 3213 742 3282 exegetibus
760 3212 788 3266 A
807 3229 875 3267 corr.
896 3230 930 3267 ex
943 3208 1090 3283 'segetibus
1109 3214 1151 3268 A'
1232 3217 1354 3287 lgna<

162 3305 257 3358 rantes
271 3303 300 3355 B
372 3304 524 3372 epossunc
542 3303 633 3358 VAB
651 3301 742 3371 possit
756 3299 827 3355 A¹m
899 3302 1026 3356 armenta
1043 3318 1094 3356 om.
1115 3302 1206 3357 VAB
1276 3312 1334 3358 1>

86 3440 88 3444 .
164 3391 235 3446 aliut
256 3392 283 3445 P
299 3391 377 3446 aliud
391 3392 473 3446 ABo
528 3392 603 3460 quod
621 3390 833 3460 superscriptum
851 3391 883 3444 iu
901 3391 929 3443 B
985 3396 1016 3445 11
1036 3392 1181 3447 comodius
1194 3392 1223 3446 B
1278 3400 1304 3446 1:
1331 3441 1354 3447 -

166 3480 277 3535 ‘Coloni
290 3482 323 3534 ut
336 3497 370 3534 ea
384 3496 456 3548 quae
469 3479 500 3533 in
515 3479 688 3549 agricultura
701 3481 857 3539 nascantur.
886 3479 1033 3546 Receptam
1047 3481 1186 3535 lectiam
1198 3483 1354 3536 retiner-

164 3586 239 3624 acme
258 3574 372 3623 ueterem
390 3570 434 3622 laic
452 3570 603 3637 adponam,
627 3586 695 3638 quoe
713 3586 731 3621 a
749 3569 884 3622 commoni
901 3569 983 3622 acme
1001 3569 1114 3624 diuersa
1131 3575 1182 3638 eat,
1196 3572 1354 3640 possse-:-

163 3664 254 3712 tamea
272 3662 296 3710 et
310 3658 362 3710 illa
376 3664 500 3726 occepta:
519 3658 590 3725 qaod
604 3659 686 3711 etiam
699 3657 815 3725 deligeres
829 3656 963 3710 librarius
977 3657 1113 3725 coercuit,
1131 3664 1226 3713 notam
1240 3660 1354 3713 eoi?-

164 3747 256 3799 mcadi
274 3747 311 3798 ad
330 3761 389 3798 eom
406 3746 550 3812 adposuit:
570 3745 667 3800 Coloni
686 3761 792 3815 aequae
811 3744 984 3813 agricultura
1001 3745 1106 3799 factum
1121 3749 1153 3800 nt
1166 3763 1354 3802 nascere-

163 3838 210 3888 tur
238 3849 252 3886 e
281 3835 357 3887 terra
379 3835 477 3887 contra
500 3835 621 3902 pastoris
645 3850 690 3902 ea,
719 3850 790 3902 quae
815 3833 883 3887 nata
908 3849 940 3886 ex
964 3849 1077 3902 pecore,
1102 3852 1219 3902 quarum
1246 3838 1354 3890 etc:

169 3923 309 3977 Victoriae
380 3940 414 3977 ea
437 3940 508 3990 quae
532 3922 703 3993 agricultura
721 3922 749 3975 B
768 3939 836 3991 aeq;
859 3920 1031 3991 agricultura
1048 3922 1077 3976 A
1095 3940 1162 3992 aeq;
1187 3925 1217 3978 in
1237 3936 1354 3994 ag:

164 4011 365 4067 culturaPea
384 4013 503 4083 quaein
522 4012 723 4083 agriculturae
780 4016 813 4065 15
832 4026 982 4079 expeccore
996 4009 1025 4063 A
1078 4028 1150 4078 quar
1165 4055 1171 4066 .
1186 4032 1235 4067 um
1252 4028 1354 4068 a,

163 4102 255 4156 littera
269 4107 334 4171 poet
352 4121 365 4154 r
384 4103 470 4156 deleto
483 4101 511 4156 A
566 4101 682 4155 sotietas
697 4100 724 4153 A
781 4106 813 4154 16
834 4115 998 4168 conpescere
1018 4116 1086 4154 corr.
1101 4117 1267 4169 conpascere
1344 4138 1354 4147 -

163 4207 340 4259 compascere
359 4191 414 4245 VB
470 4197 502 4245 17
522 4190 676 4260 plerunque
694 4187 721 4242 V
768 4189 942 4258 expeditae
957 4188 1075 4257 expetiit
1089 4189 1147 4244 PA
1162 4190 1268 4258 expetit
1345 4224 1354 4233 -

218 4283 250 4331 18
270 4280 390 4333 maxime
414 4279 502 4332 VAB
521 4293 650 4333 maxume
668 4278 700 4331 io
716 4279 840 4346 morpiae
859 4278 1007 4344 adscrepss't
1027 4278 1055 4330 P
1107 4277 1266 4346 adpositum
1342 4310 1354 4319 -

164 4363 326 4433 appositum
350 4365 427 4418 VB'
480 4371 513 4419 19
532 4367 679 4434 utramque
693 4364 721 4418 A
739 4368 876 4434 utrunque
889 4366 918 4419 B
936 4367 1075 4435 utrunque
1094 4364 1121 4421 V
1190 4366 1352 4436 agric-12

163 4454 242 4507 turae
261 4469 277 4508 e
297 4452 498 4524 agriculturam
515 4454 608 4510 PAR
680 4461 714 4511 21
739 4454 933 4510 ornithonibus
956 4454 983 4509 V
999 4454 1168 4510 ornitoribus
1187 4456 1247 4511 AB
