3000 5026
166 304 231 368 182
656 303 844 358 vauuouls

164 471 257 531 modii
280 485 333 531 1111
357 473 389 530 in
412 472 526 550 iugero,
549 471 642 530 tritici
661 485 693 549 v,
716 471 821 530 bordei
839 485 886 548 vt,
908 470 997 530 larris
1014 484 1048 550 x,
1070 469 1124 529 sed
1143 489 1205 530 non
1223 471 1312 531 nullis

165 576 239 637 locis
265 576 352 657 paulo
380 575 508 655 amplius
535 585 585 637 ant
614 578 721 636 miuus.
767 580 794 636 si
816 579 894 636 enim
918 575 1002 637 lotus
1024 595 1156 656 crassus,
1177 577 1261 658 plus3
1286 581 1312 638 si

165 702 278 763 macer,
304 686 412 744 miuus.
453 701 545 760 quare
569 683 755 763 observabis,
777 694 921 762 quantum
946 686 977 742 iu
1000 702 1036 742 ea
1058 686 1182 761 regione
1206 703 1312 744 consu-

165 791 256 851 etudo
288 793 347 852 erit
379 789 512 869 serendi,
543 799 577 849 ut
609 798 723 849 tautum
757 790 860 850 iacias:
892 798 1036 868 quantum
1064 790 1142 850 valet
1168 792 1253 869 regio
1279 810 1311 851 eo

165 916 260 975 genus
293 906 404 978 terrae,
438 905 471 957 ut
502 916 538 956 ex
566 895 670 956 eotlem
698 899 810 957 semiue
841 897 933 957 aliubi
959 915 1029 957 cum
1056 896 1174 956 decimo
1203 897 1347 978 redeant

140 1002 261 1065 ialiubi
287 1023 356 1064 cum
379 1006 483 1082 quinto
506 1004 635 1084 decimo,
662 1013 695 1063 ut
717 1005 748 1063 iu
772 1003 891 1063 Etruria
914 1003 988 1063 locis
1009 1003 1131 1082 aliquot.
1176 1006 1210 1063 iu
1232 1004 1311 1064 ltalia

167 1111 197 1168 iu
226 1109 402 1170 Subaritano
434 1111 538 1170 dicunt
569 1113 658 1170 etiam
689 1129 758 1171 cum
793 1113 957 1171 centesimo
984 1110 1084 1170 redire
1111 1110 1250 1191 solitum,
1283 1114 1311 1171 in

167 1215 251 1295 Syria
277 1217 313 1276 ad
338 1217 450 1277 Gadara
479 1226 508 1276 ct
536 1219 567 1276 iu
591 1218 687 1277 Alrira
715 1217 752 1277 ad
775 1217 930 1296 Byzacium
953 1220 1026 1277 item
1048 1236 1084 1277 ex
1108 1218 1209 1278 modio
1232 1220 1313 1278 nasei

166 1333 295 1383 centum.
341 1323 408 1383 illut
435 1342 554 1402 quoqne
577 1324 704 1385 multum
727 1327 867 1405 interest,
895 1327 926 1383 in
949 1324 1018 1383 rudi
1043 1334 1136 1403 terra,
1163 1343 1203 1384 an
1225 1326 1311 1384 inea

167 1447 262 1510 seras,
290 1448 365 1508 quac
392 1431 552 1508 quotannis
579 1429 675 1490 obsita
702 1433 757 1510 sit,
785 1450 859 1509 quac
889 1440 1010 1490 vocatur
1038 1431 1196 1511 restibilis,
1223 1450 1261 1491 au
1283 1433 1345 1490 inu

140 1539 317 1617 3rerracto,
340 1555 415 1614 quae
438 1537 589 1597 interdum
613 1538 765 1616 requierit.
811 1536 867 1596 Cui
888 1539 1005 1617 Agrius,
1028 1541 1058 1597 in
1082 1537 1222 1617 Olynthia
1245 1556 1313 1617 quo

168 1644 266 1701 tannis
304 1643 448 1703 restibilia
483 1663 549 1704 esse
584 1644 701 1724 dicunt,
738 1643 789 1703 sed
825 1645 866 1703 ita
898 1656 933 1704 ut
964 1647 1053 1705 tortio
1086 1664 1207 1724 quoque
1238 1664 1314 1704 auno

168 1747 323 1808 uberiores
346 1750 443 1811 lerant
466 1752 589 1811 fructos.
634 1750 776 1831 Licinius,
798 1753 909 1828 Agrum
933 1751 1057 1819 alternis
1079 1753 1167 1811 aunis
1187 1751 1315 1830 relinqui

168 1863 286 1932 oportet
323 1857 410 1934 paulo
449 1857 526 1936 [aut]
559 1857 720 1917 levioribus
752 1856 931 1937 sationibus,
967 1857 996 1917 id
1030 1867 1076 1917 est
1107 1877 1185 1936 quae
1216 1860 1317 1919 miuus

168 1972 280 2040 sugunt
304 1971 422 2024 terram.
1329 1981 1352 2021 ιε

258 2067 393 2150 Dicetur,
421 2072 518 2149 inquit
540 2073 662 2153 Agrius,
689 2071 727 2131 ile
755 2072 843 2131 tertio
866 2068 975 2148 gradu,
1003 2068 1039 2128 de
1063 2072 1317 2132 nutricationibus

141 2178 261 2254 Aatque
289 2176 436 2237 alimoniis
463 2176 591 2239 eorum?
634 2177 700 2258 Ille,
723 2177 804 2248 Quae
829 2184 895 2236 nata
919 2184 1002 2255 suut,
1030 2177 1141 2256 inquit,
1168 2178 1201 2236 iu
1224 2177 1318 2237 fundo

239 2476 255 2524 2
284 2472 382 2544 paulo]
411 2471 528 2541 pabulo,
555 2473 603 2526 sed
628 2471 648 2525 b
677 2473 768 2525 littero
795 2473 882 2525 deleta
904 2471 933 2527 A
1021 2477 1038 2524 t
1065 2475 1203 2540 quantum
1227 2475 1319 2546 valet]

168 2558 245 2628 quod
270 2562 382 2613 tantum
408 2560 486 2614 valet
518 2561 636 2614 l'rsiuus
742 2567 758 2613 ὃ
787 2558 874 2613 aliubi
901 2565 1016 2629 utroque
1043 2561 1100 2614 loco
1131 2561 1189 2614 VA
1212 2561 1321 2617 alicubi

108 2645 112 2653 '
168 2653 282 2716 utroque
300 2650 356 2702 loco
374 2648 433 2702 Bm
506 2647 649 2717 oaliquot
671 2649 819 2717 oaliquod
843 2647 933 2703 PAB
1005 2648 1204 2705 'lsubaritano
1225 2652 1320 2707 PAB

168 2736 362 2804 sybaritanoo
433 2736 543 2806 Scyria
562 2736 740 2792 VAsiriaB
812 2737 969 2807 adgamda
984 2737 1248 2808 PABugaraduo

168 2824 314 2894 byzacium
331 2827 360 2882 B
378 2826 543 2896 byzachium
556 2826 585 2880 P
599 2826 752 2881 bizantium
767 2828 793 2880 A
812 2826 972 2880 bizancium
989 2845 1016 2880 m
1029 2826 1195 2896 byracbium
1215 2848 1234 2883 o
1250 2871 1256 2883 .
1273 2830 1321 2884 ‘Et

168 2914 197 2967 in
215 2913 311 2970 Africa
333 2916 369 2969 ad
387 2915 538 2985 Byzacium
555 2959 560 2968 .
575 2915 623 2970 Sic
645 2917 745 2970 babuit
768 2917 878 2984 antiqui
900 2917 980 2981 libri,
1004 2932 1061 2970 nou
1082 2921 1114 2969 ut
1137 2921 1202 2971 oute
1225 2922 1321 2974 eceusi

168 3019 258 3057 omnes
270 3003 453 3075 Byraclrium'
474 3003 614 3058 Victorius
668 3004 764 3058 oillut
778 3004 889 3059 Pillud
903 3004 985 3059 ABo
1041 3011 1074 3057 10
1088 3005 1158 3073 quob
1171 3006 1256 3060 aonio
1269 3010 1321 3064 Bo

169 3093 243 3160 quod
258 3092 338 3146 anuis
353 3109 421 3148 corr.
440 3097 472 3147 ui
491 3093 599 3146 videtur
617 3096 686 3160 quob
704 3092 783 3147 annis
797 3093 913 3160 Aquod
926 3093 1008 3146 annio
1024 3094 1053 3145 P
1105 3098 1137 3146 11
1158 3094 1258 3164 agrius
1272 3114 1321 3152 oro

169 3182 262 3234 acrius
281 3180 338 3234 PA
356 3180 447 3235 ucruis
464 3181 493 3235 B
565 3180 731 3249 quotannis
752 3181 779 3233 V
795 3182 869 3248 quod
888 3181 970 3234 annis
984 3183 1013 3236 B
1031 3181 1107 3249 quod
1125 3183 1231 3237 animis
1249 3201 1319 3240 corr.

170 3268 247 3337 qnod
271 3269 351 3323 annio
365 3271 392 3323 A
467 3275 499 3322 12
524 3270 572 3323 sed
591 3269 633 3322 iia
650 3271 682 3322 ut
699 3268 785 3323 terlio
805 3270 833 3323 P
848 3269 897 3324 scd
915 3269 956 3324 ita
975 3273 1006 3324 ut
1022 3271 1111 3326 tercio
1129 3272 1159 3324 A
1176 3272 1253 3327 sedit
1270 3277 1322 3329 aut

170 3357 253 3412 tertio
269 3358 298 3413 B
317 3358 366 3412 sed
386 3359 415 3412 id
433 3358 484 3411 aut
500 3358 586 3412 tertio
602 3376 618 3412 o
690 3375 763 3412 anno
777 3375 888 3426 qnoque
902 3376 972 3415 corr.
987 3376 1098 3429 quoque
1113 3361 1232 3416 uunoA
1245 3380 1319 3418 anno

171 3464 282 3515 quoqne
304 3464 331 3500 m
404 3452 437 3501 13
464 3446 569 3500 fructos
591 3447 682 3502 PAR
704 3447 810 3502 fructus
832 3464 879 3502 mo
952 3454 985 3501 14
1008 3448 1093 3518 poulo
1115 3451 1167 3504 aut
1183 3451 1248 3505 AB
1269 3454 1321 3506 unt

170 3572 257 3640 paulo
281 3572 307 3623 V
395 3537 545 3624 saionibus
563 3570 592 3624 A
615 3572 793 3627 sancionibuo
811 3588 838 3625 m
928 3577 961 3626 lb
984 3574 1095 3627 bernam
1112 3579 1145 3628 ui
1162 3575 1273 3631 uidem
1291 3577 1317 3629 A

171 3677 240 3714 corr.
260 3661 365 3713 terram
384 3659 426 3711 ΑΞ

244 3753 276 3801 16
296 3747 422 3818 Dicetur]
442 3748 484 3801 De
502 3747 657 3803 nutricaud'
676 3751 708 3804 iu
725 3751 849 3820 morqiuc
866 3751 979 3805 rubrica
993 3750 1021 3805 A
1090 3751 1184 3820 iuquit
1200 3753 1258 3810 VB
1275 3753 1314 3808 in-

171 3870 239 3941 quid
258 3871 286 3925 A
347 3871 436 3926 tercio
454 3873 481 3925 A
543 3845 762 3929 nutriabionibuo
780 3873 808 3928 A
873 3880 905 3928 17
926 3878 1009 3943 abque
1027 3878 1077 3931 Bo
1094 3878 1186 3946 adque
1206 3880 1265 3934 PA

173 3960 261 4026 ‘Quae
284 3962 354 4016 nata
376 3962 441 4015 sunt
464 3960 557 4030 inquii
571 4004 577 4017 .
593 3963 666 4019 Aule
689 3965 755 4018 boec
772 3964 857 4018 uerbo
875 3965 907 4018 iu
925 3966 1039 4031 excusis,
1057 3965 1188 4022 Licinius
1202 3991 1210 4023 :
1224 3970 1256 4023 iu
1272 3986 1310 4023 ue

171 4052 329 4107 iustissimis
347 4051 438 4119 libris,
462 4050 515 4106 Ille
530 4072 537 4105 :
552 4053 630 4120 iufra
644 4057 709 4122 post
728 4052 929 4122 Procumbo,
948 4055 1039 4108 eadem
1058 4056 1108 4109 illo
1127 4057 1231 4124 littora,
1249 4072 1310 4128 quoe

170 4142 248 4195 uobis
269 4157 349 4210 saepe
371 4141 480 4196 molesto
499 4146 537 4195 eat
551 4162 558 4195 ε
574 4142 690 4210 antiquo
709 4142 781 4195 euim
800 4143 877 4197 lectio
894 4144 974 4208 baec,
996 4143 1187 4211 Praegnantia
1204 4145 1233 4200 L
1254 4161 1327 4200 cru

171 4231 236 4284 suut
258 4269 264 4282 .
284 4230 429 4283 Praeterea
456 4231 494 4284 cd
516 4231 589 4284 bunc
612 4231 700 4284 locum
722 4230 754 4284 iu
776 4232 900 4299 marqiue
922 4233 1019 4299 optimi
1040 4233 1204 4302 exemplaris
1227 4233 1377 4293 ιιιιιιᾶῗ

171 4321 238 4370 aeota
265 4317 403 4384 adposito'
447 4317 585 4373 Victorius
656 4316 705 4372 ille
734 4319 790 4372 VA
818 4336 886 4374 corr.
910 4318 962 4374 illa
984 4319 1025 4374 A²
1047 4320 1113 4375 illae
1139 4324 1167 4377 B
1192 4320 1367 4381 Liciniae

171 4405 316 4460 Iucundos
386 4406 478 4475 inquit
495 4408 543 4463 Bo
560 4407 660 4480 inquid
681 4408 739 4463 PA
