3000 5026
154 107 219 171 196
321 137 327 147 .
645 98 832 154 vmuouis

153 273 255 353 tundo,
280 290 373 351 eaque
397 272 423 330 si
446 269 590 329 coieceris
613 269 644 326 iu
667 276 778 326 terram
801 273 832 325 et
854 263 964 324 obieris
987 266 1103 324 circum
1126 279 1254 343 amum,
1274 264 1301 322 si

154 382 340 441 extrinsecus
363 379 487 455 spiritus
510 374 608 452 addet,
631 392 664 432 ea
689 391 748 432 nou
772 370 859 432 modo
883 374 997 449 integra
1021 372 1121 444 eximi,
1140 369 1193 431 sed
1212 370 1300 429 etiam

155 489 278 565 maiora,
303 503 391 563 quam
414 486 445 542 iu
468 482 574 541 arbore
598 498 738 557 umquam
761 478 966 557 pependerint

92 592 143 652 tx
241 592 282 652 [ie
310 591 440 651 oiiritate
467 587 546 647 oieas
570 587 635 646 esui
659 587 769 663 optime
793 585 881 644 condi
910 583 1015 644 scribit
1037 583 1111 644 Cato
1138 584 1251 643 orcites
1272 590 1303 642 et

153 718 261 780 puseus
280 698 376 758 aridas
396 695 441 755 vei
461 695 569 754 virides
588 695 619 752 iu
637 694 733 751 mirsia
752 691 797 751 vel
817 694 847 750 in
867 690 992 749 lentisco
1010 700 1161 751 contusos.
1192 690 1303 750 orcitcs
1325 704 1404 750 sa
1471 715 1482 756 r

155 810 267 886 nigras,
291 805 350 865 sale
375 804 401 863 si
425 804 484 861 sint
507 800 685 861 confricatas
709 798 772 857 dies
797 799 929 875 quinque
952 807 982 856 et
1005 804 1070 857 tum
1093 795 1154 856 saie
1176 813 1303 857 excusso

156 913 278 973 biduum
303 914 329 971 si
352 913 383 969 iu
406 908 467 969 soie
491 909 604 986 positae
629 905 749 983 fuerint,
772 922 891 963 manere
911 903 1032 964 idoneos
1051 903 1162 964 solere:
1184 902 1303 963 casdem

73 1017 138 1077 LXI
159 1022 223 1080 siae
247 1018 307 1078 saie
331 1020 361 1077 in
386 1016 536 1076 defrutum
561 1012 648 1073 condi
667 1020 759 1072 reete.
803 1028 952 1070 amurcam
971 1011 1062 1088 periti
1080 1008 1228 1088 agricolae
1245 1016 1305 1071 tem

155 1129 187 1187 iu
215 1125 310 1185 doieis
338 1122 469 1183 condunt
498 1138 585 1198 quam
614 1117 711 1177 oleum
739 1125 790 1176 aut
819 1119 928 1176 riuum.
974 1117 1040 1176 eius
1062 1114 1209 1197 conditio,
1235 1132 1303 1176 cum
1452 1178 1457 1186 ,

156 1250 295 1311 expressa
319 1229 446 1307 effluxit,
475 1227 553 1306 quod
577 1227 676 1285 statim
700 1223 736 1283 de
760 1242 793 1282 ea
818 1223 1026 1302 decoquuntur
1049 1223 1126 1283 duae
1148 1230 1252 1301 portes
1273 1229 1388 1282 eins
1444 1256 1487 1295 „0

157 1339 365 1416 refrigeratum
390 1334 528 1395 conditur
551 1335 581 1392 iu
605 1349 681 1390 vass.
728 1339 797 1390 suut
816 1333 887 1389 item
906 1328 979 1389 aliae
998 1329 1195 1410 conditiones,
1218 1339 1253 1390 ut
1269 1346 1303 1389 es
1429 1362 1452 1400 1

158 1448 188 1504 iu
213 1463 270 1522 quo
293 1443 420 1502 adicitur
445 1440 494 1517 [L]
519 1447 659 1499 mustum.

230 1656 245 1704 2
264 1665 320 1704 non
339 1648 422 1701 modo
439 1646 550 1714 integra
569 1643 654 1698 eximi
672 1644 746 1697 Nau.
764 1660 792 1711 p.
812 1647 877 1711 148,
896 1649 913 1698 3

232 1851 246 1898 1
271 1860 360 1911 eaque
382 1842 406 1896 si
427 1839 558 1896 eoieeeris
577 1840 636 1895 PA
654 1815 912 1907 esque⁵¹⁰eoieceria
930 1841 977 1894 sed
995 1839 1035 1895 sic
1053 1856 1121 1895 corr.
1142 1839 1166 1893 si
1184 1839 1214 1893 Β
1231 1855 1304 1893 eem-
1381 1871 1423 1882 -

159 1951 214 2004 que
234 1934 258 1987 si
277 1931 462 1987 coniecerisu
535 1929 637 1985 obieris
658 1929 796 1995 Zabifeidt
813 1933 914 1996 quaest.
934 1931 993 1982 crit.
1012 1930 1044 1982 in
1065 1928 1148 1985 Varr.
1165 1945 1220 1983 rer.
1237 1933 1303 1984 rusi.
1378 1971 1421 1984 ..

160 2024 221 2077 libr.
236 2039 266 2090 p.
286 2025 323 2075 30
346 2021 450 2075 obteris
475 2018 531 2071 VB
555 2016 687 2083 obsiciis,
710 2018 756 2070 sed
775 2035 787 2070 s
803 2018 898 2085 priore
916 2018 973 2072 ioco
991 2019 1107 2072 deletum
1120 2017 1148 2072 A
1167 2015 1304 2071 obleueris
1365 2032 1422 2068 ε

160 2112 340 2165 Schneiderus
410 2108 440 2162 ni
462 2107 631 2160 extrinseeus
656 2106 773 2159 Ursinus
844 2104 970 2160 raddei
988 2105 1046 2159 PA
1064 2103 1145 2161 afflet
1159 2106 1189 2160 Β
1207 2105 1304 2161 sileio
1357 2120 1423 2155 ο

232 2197 317 2251 eximi
335 2197 415 2251 Arno
435 2193 533 2248 exsimi
551 2194 607 2247 PB
679 2200 694 2247 3
713 2212 847 2262 amquam
865 2194 892 2247 A
911 2210 1034 2263 unquam
1056 2193 1112 2248 VB

232 2310 250 2357 4
274 2304 315 2356 De
335 2303 463 2356 olivitste
482 2317 531 2354 am.
551 2317 579 2367 a,
599 2301 662 2356 add.
683 2300 772 2354 PAB
787 2342 793 2355 .
809 2299 905 2355 ‘Oieos
923 2301 984 2356 esui
1001 2300 1116 2370 optime.
1151 2299 1228 2357 Ante
1243 2302 1307 2357 bace
1324 2307 1472 2352 ω

161 2396 246 2449 uerba
270 2394 301 2446 iu
326 2391 516 2459 antiquissimo
534 2390 696 2456 exemplari,
719 2389 760 2442 De
780 2388 923 2457 oliuitaie,
946 2390 1079 2460 seriptum
1097 2395 1136 2445 est
1150 2412 1157 2444 ε
1171 2391 1246 2461 qnod
1262 2391 1304 2445 iu·
1334 2408 1474 2428 ⁴--

161 2481 350 2549 seriptiouem,
378 2479 541 2546 titulumque
568 2479 654 2545 fuisse
672 2482 743 2546 puto
758 2518 764 2530 .
778 2478 900 2532 Possunt
923 2484 1013 2533 tamen
1034 2485 1104 2534 rute
1126 2479 1159 2534 iu
1181 2481 1480 2535 matarum

161 2569 293 2625 sermonis
311 2568 497 2623 huiuscemodi
515 2568 662 2621 locutiones
680 2567 824 2622 collocatae
843 2584 904 2623 esse.
920 2599 952 2606 -
970 2568 1050 2638 Quod
1066 2569 1149 2623 etiam
1163 2557 1482 2637 acaunus->²

161 2659 273 2714 Nouius
282 2699 292 2726 ,
311 2659 361 2727 qui
380 2673 440 2711 eum
458 2655 526 2726 quiri
546 2655 665 2710 Oiiuitas
683 2657 733 2721 sit,
751 2656 911 2724 declararet,
929 2663 955 2711 at
973 2658 1061 2711 locum
1078 2657 1152 2712 bunc
1174 2649 1482 2714 rancura-‘A

162 2750 316 2813 adduceret,
335 2747 376 2801 ita
390 2763 450 2800 eum
465 2746 537 2815 lepit,
555 2750 587 2798 ut
599 2746 632 2798 in
641 2749 798 2813 peruetusta
812 2747 901 2799 codiee
914 2746 1046 2814 scriptum
1060 2747 1140 2800 iilum
1152 2747 1260 2802 iuuenci.
1273 2761 1481 2790 ·---·‘··

162 2855 247 2907 quare
264 2837 354 2890 uraior
371 2836 435 2888 hina
454 2835 535 2888 etiam
553 2834 630 2902 apud
648 2849 698 2886 uos
714 2817 865 2887 auctoritas
879 2835 1065 2903 antiquissimi
1078 2837 1243 2905 exemplaris
1255 2837 1479 2892 ως(

162 2927 252 2992 debet,
276 2926 308 2977 iu
326 2940 378 2993 quo
397 2939 481 2978 sermo
506 2922 652 2990 Varronis,
677 2912 736 2976 uie
754 2939 845 2976 eorum
864 2939 931 2992 quos
948 2925 981 2978 de
998 2925 1078 2979 rebus
1095 2927 1210 2980 nnticis
1226 2926 1326 2981 dissc-
1336 2925 1474 2972 ‘²3'

162 3019 250 3068 rentes
286 3013 407 3079 inducit,
444 3029 586 3081 uunquam
624 3011 761 3079 capitibus
797 3013 943 3067 distinctus
975 3017 1025 3067 aui
1051 3015 1226 3083 interruptus
1257 3013 1332 3070 ast*
1349 2997 1468 3057 ε’

168 3102 307 3156 Victorius
379 3101 442 3155 exui
465 3117 532 3155 corr,
557 3098 617 3154 esui
635 3100 663 3154 B
735 3099 836 3154 orcibes
862 3102 892 3156 ei
909 3118 1010 3171 puseus
1032 3101 1124 3156 PAB
1141 3102 1264 3159 orchites
1280 3088 1463 3159 e'ssi

163 3207 313 3260 pauseuso
385 3197 400 3242 b
420 3189 560 3243 aridas-
576 3188 678 3243 oreites
692 3205 741 3244 arn.
756 3206 782 3255 o,
801 3191 865 3244 add.
882 3191 972 3244 PAB
1043 3190 1146 3263 muria]
1161 3192 1270 3249 murico
1280 3175 1456 3246 EQ

234 3280 281 3334 uel
300 3279 329 3332 in
343 3278 461 3332 lentisco
476 3278 623 3332 Iucundus
637 3277 683 3332 uel
696 3277 815 3333 leniiseo
832 3278 923 3332 PAB
996 3286 1012 3334 6
1032 3279 1203 3337 confricatas
1218 3264 1447 3338 ΒΔΕ

164 3368 345 3424 confricatas
364 3366 515 3420 eonfriatae
531 3365 712 3421 Schneiderus
767 3365 880 3421 scandi
899 3365 1015 3422 Ursinus
1028 3367 1141 3424 condire
1154 3369 1244 3423 VAB
1290 3384 1328 3401 ··
1349 3360 1438 3413 5

163 3458 192 3512 in
212 3456 315 3525 corus]
336 3455 366 3506 in
385 3452 453 3507 uus
472 3453 561 3507 PAR
580 3453 609 3507 in
628 3455 692 3509 01112
711 3472 726 3509 v
742 3456 875 3522 fumea,
902 3456 933 3509 u
951 3457 1034 3510 arra:
1055 3457 1161 3513 neura
1179 3442 1288 3527 tumr
1309 3460 1428 3509 φ

164 3543 244 3598 oleis:
266 3544 411 3611 castipuui,
431 3542 471 3596 In
489 3543 589 3597 doliis.
607 3550 786 3599 ueruntameu
804 3545 871 3612 quia
881 3561 977 3612 parua
991 3545 1102 3601 lieentia
1115 3562 1184 3602 usus
1197 3564 1267 3617 suus,
1282 3531 1423 3602 9¹⁴

164 3635 234 3700 sorte
257 3633 381 3700 deeeptus
404 3647 498 3699 essem,
521 3632 600 3686 uolui
622 3637 706 3688 totam
727 3649 782 3687 rem
807 3634 938 3688 indicare.
976 3634 1175 3690 Animaduerti
1192 3637 1262 3692 aiibi
1277 3634 1413 3691 5⁹⁸

165 3721 265 3790 optimo
288 3721 377 3775 codiee
397 3719 506 3787 Uolcis,
525 3738 579 3790 pro
597 3722 691 3777 Doiiis
708 3722 840 3790 scriptum
858 3739 924 3787 esse,
947 3728 978 3776 ut
996 3724 1029 3776 iu
1047 3723 1112 3776 III
1125 3724 1188 3794 [15,
1206 3726 1245 3796 2]
1261 3706 1409 3780 ubi

164 3812 197 3866 de
214 3812 333 3883 piiribus
352 3811 482 3879 loquitur,
503 3809 570 3866 Cum
586 3812 707 3880 positum
725 3815 763 3864 est
778 3812 808 3864 iu
821 3812 905 3864 doleis
918 3812 990 3878 firmi
1000 3812 1129 3880 pinques’
1172 3812 1398 3869 Victoriu'

218 3901 323 3971 oleum]
344 3900 406 3953 oleo
426 3902 483 3954 Am
540 3906 572 3953 10
595 3915 710 3968 express
729 3898 825 3953 efluxib
843 3901 869 3952 A
926 3905 958 3953 12
977 3901 1006 3954 in
1024 3917 1081 3969 que
1098 3899 1231 3957 adiicitur
1245 3943 1251 3956 .
1265 3901 1332 3956 [a
1367 3928 1382 3941 ·

164 4028 287 4078 mustum
310 4026 336 4076 P
353 4024 382 4076 in
401 4041 457 4090 quo
475 4025 596 4079 adicitur
611 4066 616 4079 .
632 4025 643 4078 l
658 4066 664 4078 .
679 4026 801 4078 mustum
815 4026 843 4079 Β
861 4003 962 4093 in⁸qus
978 4025 1266 4082 dicitur.l.mustum
1303 4010 1378 4075 Λ

165 4112 194 4165 in
218 4127 293 4179 aqua
315 4111 456 4164 adicitur.
471 4113 481 4165 l
497 4155 503 4166 .
523 4115 644 4168 mustum
669 4129 696 4167 m
717 4112 746 4165 in
771 4129 826 4180 qua
848 4113 985 4167 adiiciunt
1002 4118 1126 4169 mustum
1144 4133 1182 4173 a.
1200 4116 1371 4172 ‘Vua-⁶*

165 4200 286 4254 tissimus
304 4200 384 4268 iiber,
404 4199 435 4253 in
455 4219 511 4271 qus
529 4201 649 4256 sdicitur
667 4201 688 4254 L
706 4204 860 4258 ,mustum’
885 4203 1022 4260 Victorius
