3000 5026
449 252 579 309 uunvlt
598 252 835 311 Rvsulotuvn
853 255 920 312 LlB.
938 255 964 308 11
983 252 1004 309 4
1236 255 1299 321 231

154 419 314 504 matribus;
356 421 487 482 secundo
524 419 597 500 [ea],
636 440 704 482 cum
741 423 797 482 iem
835 424 917 501 pasci
954 431 1093 501 possunt,
1131 431 1300 485 secernunt.

154 530 248 610 porci,
272 531 324 609 qui
347 529 409 589 nati
432 527 538 609 hieme,
562 529 636 589 fiunt
657 529 751 602 exiles
774 537 897 607 propter
916 530 1024 608 frigora
1044 538 1074 589 et
1092 529 1170 608 quod
1191 537 1300 590 matres

155 642 352 714 aspernantur
377 643 500 714 propter
524 637 713 714 exiguitatem
738 635 834 716 lactis,
864 636 942 715 quod
966 636 1105 696 dentibus
1128 638 1300 697 sauciantur

155 749 313 820 propterea
336 760 488 804 mammae.
518 744 614 804 scrola
638 745 669 803 iu
693 762 744 804 sua
770 761 904 822 quaeque
928 742 998 803 hara
1018 761 1087 802 suos
1109 742 1166 803 alat
1185 750 1302 822 oportet

129 867 276 930 sporcos,
305 868 364 929 quo
392 850 503 911 alienos
530 858 740 930 aspernantur3
768 858 797 910 et
825 850 891 909 ideo
921 852 953 910 si
974 850 1144 911 conturbati
1172 858 1242 911 sunt
1270 852 1301 910 in

157 955 264 1036 fetura,
292 957 326 1017 lit
349 956 488 1018 deterius.
534 965 639 1018 natura
663 957 774 1017 divisus
798 975 901 1017 eorum
925 975 1019 1016 annus
1043 956 1190 1037 bilariam,
1219 957 1350 1037 quod14

156 1062 201 1123 bis
225 1065 356 1141 paritio
380 1082 471 1126 anno:
498 1066 651 1143 quaternis
677 1063 830 1124 mensibus
854 1063 911 1124 lert
935 1071 1080 1145 ventrem,
1104 1063 1182 1124 binis
1205 1066 1301 1124 nutri-

158 1178 211 1230 cat.
257 1170 358 1230 baram
387 1172 483 1232 lacere
512 1178 630 1255 opertet
658 1172 778 1230 circiter
804 1172 893 1231 trium
916 1170 1025 1249 pedum
1049 1169 1135 1230 altam
1161 1177 1191 1230 et
1213 1170 1301 1231 latam

159 1276 281 1356 amplius
304 1278 402 1360 paulo,
426 1296 460 1338 ea
484 1278 638 1339 altitudine
662 1276 714 1337 abs
734 1285 822 1357 terra,
846 1297 892 1374 ue,
916 1278 986 1360 drun
1006 1277 1109 1369 exilire
1128 1276 1300 1370 111119111-

128 1401 242 1465 ugnas,
271 1384 394 1474 abcqrtet.
442 1384 605 1445 altitudinis
636 1385 740 1444 modus
764 1386 815 1465 sit,
844 1392 877 1444 ut
900 1384 1043 1444 subulcus
1068 1383 1151 1443 lacile
1175 1386 1301 1444 circum·
1367 1407 1370 1412 ·

159 1467 271 1569 spicere
298 1495 394 1570 possit
421 1495 511 1570 nequi
538 1491 686 1570 porcellus
714 1510 730 1551 a
759 1499 851 1551 matre
876 1495 1073 1570 opprimatur,
1102 1500 1132 1551 et
1160 1501 1191 1552 ut
1216 1490 1300 1551 lacile

158 1600 293 1677 purigare
327 1600 422 1678 possit
454 1597 560 1660 cubile.
611 1600 641 1658 in
671 1598 750 1658 baris
778 1601 887 1659 ostium
915 1617 981 1659 esse
1008 1607 1125 1676 oportet
1153 1606 1183 1659 et
1211 1597 1300 1658 limen

157 1704 280 1765 iuferius
303 1705 395 1767 altum
419 1705 624 1786 palmipedale,
648 1724 685 1765 ne
708 1707 805 1786 porci,
830 1725 864 1766 ex
889 1705 959 1765 hara
983 1724 1051 1765 curu
1074 1713 1169 1766 mater
1192 1705 1301 1785 prodit,

153 1811 304 1872 transilire
326 1815 451 1890 possint.
497 1814 762 1891 quotienscumque
782 1811 868 1872 haras
888 1811 1030 1873 subulcus
1049 1820 1165 1893 purgat,
1189 1813 1296 1872 totiens
1308 1814 1347 1871 15

118 1935 136 1974 u
151 1919 295 1980 harenam
328 1921 440 1979 inicere
473 1927 603 1999 oportet,
636 1927 685 1980 aut
715 1919 785 1998 quid
809 1921 881 1978 item
908 1920 987 1999 quod
1016 1929 1138 1998 exsugat
1167 1898 1311 1979 umorem¹

150 2029 189 2086 in
216 2026 345 2104 singulas
374 2025 460 2085 haras
484 2025 719 2113 inicereldebet3
748 2034 777 2085 et
801 2045 868 2086 cum
892 2028 1022 2106 peperit,
1051 2026 1176 2105 largiore
1201 2025 1300 2085 cibatu

149 2141 333 2213 sustentare,
358 2152 416 2212 quo
440 2132 555 2193 lucilius
578 2133 622 2193 lac
642 2132 831 2212 suppeditare
850 2135 952 2211 possit.
991 2132 1048 2210 [in]
1068 2132 1177 2213 quibus
1196 2132 1300 2192 hordei

147 2240 276 2300 circiter
304 2239 388 2299 binas
417 2238 506 2299 libras
534 2259 609 2318 aqua
634 2239 812 2300 madefactas
835 2240 904 2300 dare
934 2239 1043 2321 solent,
1072 2240 1149 2320 quod
1180 2239 1299 2319 quidam

147 2346 322 2425 duplicant,
355 2355 389 2407 ut
421 2349 459 2406 sit
491 2365 576 2407 mane
609 2355 639 2406 ot
671 2348 800 2427 vesperi,
833 2349 858 2406 si
891 2347 945 2407 alia
979 2367 1054 2426 quae
1083 2347 1213 2408 obiciant
1241 2364 1299 2406 non

111 2470 128 2507 o
145 2449 322 2512 habuerint.
369 2472 437 2513 cum
460 2456 543 2532 porci
562 2453 677 2532 depulsi
697 2463 800 2515 sunta
820 2473 954 2535 mamma,
977 2473 993 2513 a
1014 2454 1190 2534 quibusdam
1209 2452 1296 2513 delici
1309 2454 1347 2512 16

144 2558 342 2635 appellantur
375 2578 470 2638 neque
504 2563 560 2620 iam
589 2560 732 2622 lactantes
760 2561 914 2639 dicuntur,
946 2563 998 2640 qui
1025 2581 1041 2621 a
1069 2569 1157 2640 partu
1184 2559 1299 2620 decimo

229 2744 261 2792 21
282 2738 331 2808 qui
350 2741 468 2809 apertu
487 2738 596 2794 decimo
615 2738 660 2793 die
680 2740 723 2791 ΙΙ
739 2745 765 2807 1,
783 2744 822 2796 20

143 2846 370 2859 M

214 2904 224 2950 1
247 2899 368 2954 secundo
387 2915 421 2952 ca
440 2916 502 2952 cum
520 2897 577 2952 iam
594 2898 651 2952 PA
670 2875 875 2952 secundofflcum
890 2899 947 2952 iem
960 2900 988 2951 B
1003 2900 1051 2953 sed
1067 2916 1113 2953 eos
1127 2916 1190 2952 eum
1205 2897 1262 2950 iam
1275 2916 1299 2954 c.

147 2978 293 3043 'Diucsa
311 2995 349 3043 est
367 2993 445 3042 uetus
464 2988 550 3054 lectio,
569 3004 638 3055 quae
652 2992 742 3041 tamen
760 2989 856 3043 mendo
877 3005 932 3041 non
951 2993 1029 3042 uacet
1044 3008 1051 3039 :
1065 3005 1123 3041 eum
1141 2991 1233 3041 notam
1247 3003 1301 3041 esse

155 3071 245 3144 colui,
264 3095 328 3132 nom
347 3082 479 3145 receptam
498 3077 579 3130 etiam
597 3093 654 3130 non
671 3077 753 3130 ualde
761 3077 859 3145 probo,
877 3076 1004 3145 quamuis
1018 3077 1076 3130 loco
1090 3091 1146 3130 reon
1160 3076 1300 3143 monerem,

159 3154 285 3220 'ecundo
304 3183 338 3220 ea
356 3183 418 3220 cum
436 3168 492 3220 iam
513 3166 579 3220 ete’.
622 3165 760 3220 Victorius
831 3173 846 3220 2
866 3164 952 3220 exiles
971 3164 1051 3219 ABo
1069 3163 1168 3218 exsiles
1187 3166 1215 3218 P
1283 3172 1300 3219 3

167 3245 340 3316 tignitatem
351 3256 430 3309 ABc
446 3255 642 3324 exsiguitniem
654 3254 682 3307 P
734 3256 858 3309 tharac
873 3253 1044 3309 hornPAB
1099 3260 1184 3323 5quo
1195 3253 1301 3308 alienos

176 3348 343 3401 seruantur
362 3345 451 3398 PAB
475 3362 546 3414 quae
570 3344 677 3399 alienos
701 3347 865 3414 aspernetur
887 3362 903 3398 v
925 3342 992 3412 quie
1010 3343 1115 3399 alienos
1134 3361 1189 3398 non
1208 3361 1301 3412 esper-

183 3425 239 3484 tur
259 3434 440 3489 Schneiderrcs
510 3434 539 3487 in
558 3432 668 3489 foetura
690 3433 717 3486 V
785 3440 801 3487 6
821 3450 915 3488 eorum
939 3433 1028 3487 VAB
1048 3450 1142 3487 eorum
1164 3432 1301 3487 Victorius

203 3570 343 3629 bifariam
357 3593 373 3629 v
387 3575 488 3630 bifaria
504 3575 593 3631 run
649 3535 786 3630 inanit
799 3575 827 3628 A
881 3582 898 3631 e
917 3576 1005 3630 raram
1023 3574 1112 3630 arcam
1130 3592 1199 3630 corr.
1213 3575 1301 3630 arcam

195 3655 294 3718 taram
308 3665 336 3716 A
390 3666 474 3718 eabe
493 3667 596 3718 terram
610 3664 670 3717 AB
687 3664 722 3716 eb
736 3665 840 3718 terram
857 3662 933 3717 Pub
946 3668 1050 3719 terreo
1105 3682 1229 3736 pregnnx
1242 3664 1301 3718 AB

203 3762 316 3819 &gneus
336 3753 362 3805 V
416 3759 446 3805 11
462 3752 546 3820 nequi
560 3754 620 3807 AB
632 3753 730 3820 nequis
751 3753 776 3805 V
830 3759 862 3806 12
877 3753 1007 3823 purigare
1021 3754 1078 3807 PB
1092 3771 1212 3824 purgare
1222 3754 1302 3808 Amo

223 3839 257 3894 iu
278 3841 353 3894 haris
373 3840 475 3894 ostium
495 3840 519 3893 V
537 3842 565 3894 in
584 3841 659 3908 haris
678 3840 780 3895 ostium
795 3841 830 3908 A,
849 3843 896 3896 sed
914 3841 932 3894 h
947 3847 1112 3910 expunctum
1125 3843 1166 3895 A²
1184 3843 1213 3895 in
1226 3841 1302 3895 beris

216 3925 283 3985 ium
302 3933 329 3984 B
387 3937 417 3982 13
436 3930 550 3983 inferius
568 3932 782 4000 superscriptum
800 3932 832 3984 irs
849 3931 877 3984 A
937 3945 972 3982 ex
990 3931 1059 3982 here.
1082 3930 1137 3982 VB
1156 3946 1190 3981 ex
1208 3945 1256 3982 ere
1275 3931 1301 3982 A

227 4026 264 4073 15
293 4021 425 4073 harenam
448 4020 507 4072 AB
536 4036 648 4074 arenam
677 4020 703 4073 V
773 4020 888 4088 exsugat
915 4036 1040 4072 umorem
1061 4018 1088 4069 A
1112 4019 1230 4085 exsugat
1252 4016 1301 4069 hu·

233 4127 263 4163 m
282 4110 309 4161 P
328 4109 487 4177 exfngetum
502 4110 648 4164 humorem
661 4111 688 4162 B
708 4108 847 4163 exsiccato
867 4109 1011 4162 humores
1067 4112 1100 4161 16
1119 4107 1228 4176 peperit
1241 4105 1301 4159 AB

235 4199 300 4252 serit
315 4199 341 4250 V
376 4204 406 4251 17
423 4200 575 4252 sustentare
591 4198 646 4251 VA
661 4199 836 4252 substentare
846 4197 872 4250 B
910 4202 943 4251 18
957 4195 1088 4265 quodque
1103 4211 1164 4248 cum
1175 4194 1302 4263 depubli-

246 4287 336 4339 PAB
356 4285 484 4351 quodque
504 4285 702 4354 conduplicent
720 4303 745 4369 o¹
798 4292 830 4338 19
849 4287 881 4338 ut
900 4284 937 4338 sib
954 4285 985 4337 c'n
1003 4286 1127 4354 margine
1145 4286 1172 4338 B
1232 4285 1301 4339 obii·

260 4376 286 4427 V
356 4381 389 4427 20
409 4391 576 4427 amntemmu
595 4375 624 4429 A
696 4375 779 4429 delici
797 4392 813 4428 c
832 4371 914 4428 uetiti
932 4373 1023 4427 PAB
1070 4417 1078 4429 .
