3000 5026
217 320 282 385 150
706 320 893 376 VARRONIS

216 491 342 549 tutiores
366 489 450 569 fiunt,
474 508 511 548 ne
535 487 660 548 familiae
684 490 783 548 rixent
806 507 873 548 cum
898 490 1002 548 vicinis
1022 508 1055 549 ao
1074 489 1184 551 limites
1203 508 1241 549 ex
1259 489 1350 551 litibur

216 597 344 656 iudicem
373 602 525 674 quaerant.
572 602 676 655 serunt
704 595 752 656 alii
782 597 895 656 circum
925 597 1025 676 piace,
1053 603 1087 656 ut
1114 596 1203 656 habet
1230 600 1351 658 uxorii

217 701 348 783 Sabinis;
376 702 426 761 alii
449 719 621 781 cupressos,
650 709 683 761 ut
706 719 760 779 ego
784 700 875 761 habui
899 704 929 762 in
953 702 1093 784 Vesuvio3
1122 703 1172 763 alii
1193 703 1306 784 ulmos,
1328 724 1348 765 u

216 809 302 870 multi
331 809 441 869 habent
468 809 498 867 in
528 807 733 868 Crustumino:
763 802 867 890 [quod]
898 807 948 867 nbi
972 807 1000 867 id
1025 817 1108 890 pote,
1136 818 1170 870 ut
1197 810 1253 891 ibi,
1283 831 1350 890 quor

216 925 262 976 est
285 934 420 996 campus²
449 914 528 974 nulla
552 915 649 992 potior
674 914 811 994 serenda,
837 915 914 993 quod
940 917 1066 975 maxime
1090 917 1350 998 fructuosa‚·quor

217 1032 246 1083 et
272 1024 400 1082 sustinet
423 1039 542 1099 saepem
566 1040 599 1080 ac
622 1023 701 1098 cogit
726 1021 838 1100 aliquot
862 1020 1000 1081 corbulas
1023 1041 1148 1082 uvarum
1172 1032 1202 1083 et
1225 1025 1350 1084 frondeo

217 1130 462 1190 iucundissimam
480 1130 630 1187 ministrat
644 1128 749 1188 ovibus
764 1147 797 1188 ac
812 1127 910 1188 bubus
925 1146 958 1188 ac
974 1131 1070 1208 virgas
1085 1130 1209 1207 praebet
1223 1131 1350 1209 saepibu:

217 1244 247 1297 ct
269 1237 336 1296 loco
359 1255 392 1295 ac
417 1236 512 1295 lurno.
921 1235 927 1246 '

306 1341 422 1422 Scrofa,
454 1342 548 1420 Igitur
580 1345 709 1420 primum
738 1342 824 1423 haec,
858 1362 933 1423 quae
961 1343 1035 1424 dixi,
1069 1351 1209 1422 quattuor
1237 1347 1350 1406 videnda

217 1449 375 1529 agricolae,
403 1449 439 1507 de
468 1449 551 1508 fundi
580 1449 686 1528 forma,
711 1448 746 1509 de
773 1458 870 1509 terrae
901 1457 1019 1531 natura,
1048 1452 1084 1511 de
1109 1440 1200 1511 modo
1220 1443 1298 1534 agri,
1325 1454 1350 1513 di

139 1555 201 1615 XVl
221 1556 331 1616 finibus
354 1555 482 1614 tuendis.
530 1554 709 1632 relinquitur
733 1555 823 1615 altera
848 1575 931 1637 pars,
954 1575 1029 1635 quae
1053 1565 1099 1616 est
1122 1566 1206 1617 extra
1230 1558 1350 1618 lundam

217 1665 304 1723 cuius
337 1662 516 1740 appendices
544 1670 574 1721 et
602 1661 793 1722 vehementer
821 1665 973 1741 pertinent
1002 1664 1036 1724 ad
1065 1664 1213 1725 culturam
1241 1675 1350 1744 propter

217 1770 409 1830 adfinitatem.
456 1770 520 1828 eius
545 1770 660 1848 species
684 1768 821 1828 totidem:
850 1772 874 1829 si
898 1772 993 1829 vicina
1017 1772 1100 1849 regio
1124 1778 1170 1830 est
1193 1749 1316 1853 infesta3
1338 1791 1350 1832 s

217 1896 275 1957 quo
304 1895 401 1955 neque
429 1877 545 1936 fructus
573 1884 691 1936 nostros
720 1883 876 1953 exportare
906 1876 1042 1954 expediat
1069 1896 1167 1955 neque
1195 1878 1266 1938 inde
1290 1898 1350 1958 quai

218 2003 293 2064 opus
317 1991 388 2043 sunt
407 1984 577 2063 adportare3
602 1985 733 2063 tertium,
757 1984 782 2042 si
803 1984 864 2042 viae
885 1990 936 2043 aut
953 1984 1043 2064 fluvii,
1068 2003 1124 2062 qna
1144 1993 1290 2066 portetur,
1314 2006 1349 2047 au

217 2111 276 2152 non
305 2098 376 2151 sunt
403 2098 454 2151 aut
482 2092 581 2151 idonei
610 2109 668 2150 non
698 2097 781 2170 sunt3
811 2097 962 2170 quartum,
993 2092 1090 2170 siquid
1119 2095 1159 2152 ita
1180 2101 1227 2153 est
1246 2096 1276 2154 in
1295 2112 1350 2155 con

193 2198 331 2258 Afinibus
351 2198 459 2272 lundis,
480 2207 514 2258 ut
532 2200 643 2258 nostris
663 2200 741 2275 agris
760 2199 856 2274 prosit
874 2205 924 2257 aut
943 2209 1056 2259 noceat.
1102 2219 1118 2258 e
1137 2202 1205 2279 quis
1225 2209 1350 2280 quartae:

219 2304 298 2383 quod
327 2311 372 2364 est
398 2306 542 2384 primum,
569 2305 662 2363 refert
694 2303 799 2363 infesta
829 2306 911 2381 regio
940 2307 979 2364 sit
1002 2324 1104 2367 neone.
1152 2306 1263 2368 multos
1286 2312 1350 2370 enin

219 2428 306 2490 agros
335 2412 470 2489 egregios
498 2409 596 2470 colere
625 2428 684 2469 non
714 2411 833 2488 expedit
861 2419 984 2490 propter
1012 2411 1166 2474 latrocinia
1190 2418 1350 2478 vicinorum

219 2527 253 2579 ut
279 2521 310 2579 in
335 2517 469 2577 Sardinia
497 2517 654 2596 quosdam,
683 2520 734 2595 qui
758 2524 828 2577 sunt
851 2535 943 2596 prope
967 2518 1085 2599 oeliem,
1117 2523 1199 2581 etin
1224 2522 1350 2602 Hispani

218 2643 311 2704 prope
334 2624 525 2684 Lusitaniam.
572 2642 647 2701 quae
672 2624 831 2683 vicinitatis
850 2626 983 2684 invectos
1002 2625 1113 2687 habent
1131 2628 1264 2712 idoneos
1289 2651 1350 2711 quat

291 2875 304 2921 1
329 2885 364 2921 ne
383 2865 509 2922 familiae
527 2865 619 2921 rixent
637 2866 711 2921 Non.
727 2884 757 2935 p.
777 2871 845 2934 477,
863 2872 901 2922 24
974 2874 989 2921 6
1009 2869 1086 2939 cogit
1105 2869 1216 2938 aliquot
1235 2873 1350 2928 corbula-

220 2957 294 3011 Non.
312 2973 340 3025 p.
360 2961 424 3023 197,
442 2961 481 3012 24

291 3211 305 3258 1
324 3204 416 3259 rixent
433 3200 589 3275 Nonias'p.
604 3209 669 3272 477,
683 3207 721 3257 24
738 3202 863 3258 rixentur
881 3204 971 3260 VAB
989 3211 1014 3260 et
1032 3207 1136 3261 codices
1159 3207 1277 3264 Victorii

218 3293 341 3353 iudicem
372 3295 403 3348 in
434 3295 558 3362 marptne
584 3294 716 3362 scriptam
743 3293 775 3346 in
802 3293 830 3346 Β
919 3299 936 3346 4
971 3292 1062 3357 ‘Quod
1091 3296 1138 3349 ubi
1165 3296 1194 3350 id
1221 3301 1300 3368 pote,
1330 3317 1350 3350 ι

218 3382 259 3437 ibi
274 3403 280 3436 :
295 3382 370 3450 quod
393 3385 436 3437 est
458 3399 585 3453 campus,
613 3380 692 3435 nulla
713 3380 807 3450 potior
825 3424 832 3436 .
852 3383 902 3436 Ita
924 3383 1022 3437 habent
1044 3386 1155 3455 antiqui
1178 3386 1256 3453 libri,
1283 3405 1350 3456 qaeu

218 3488 313 3526 aaran
330 3488 384 3527 esse
402 3473 540 3526 lectionem
554 3477 633 3539 pato,
652 3471 703 3524 etsi
720 3470 836 3539 dilipenr
855 3471 989 3525 librariae
1007 3475 1159 3529 mendosam
1174 3477 1304 3544 putauit,
1325 3494 1350 3530 c

219 3578 327 3631 eamque
345 3567 438 3616 notam
456 3559 596 3627 adposuit’
642 3558 777 3614 Victorias
849 3566 864 3613 6
884 3559 1003 3614 sustinet
1023 3578 1136 3631 saepem
1152 3563 1211 3618 PA
1230 3565 1345 3619 substin

220 3665 332 3717 saepem
350 3650 379 3702 Β
397 3647 535 3702 sustineat
553 3663 666 3715 saepem
685 3665 701 3701 o
773 3638 851 3719 cogit
868 3649 980 3703 Nonius
993 3668 1023 3719 p.
1043 3656 1110 3718 197,
1128 3657 1168 3708 25
1187 3654 1256 3708 colit
1277 3653 1339 3709 VA

282 3735 396 3805 aliquod
418 3735 506 3791 VAB
568 3735 696 3790 frondem
714 3737 742 3792 A
802 3737 1064 3794 tiucundissimam
1086 3740 1113 3794 V
1127 3740 1350 3798 lucumdisaimn

155 3868 160 3876 .
219 3840 287 3878 corr.
307 3823 359 3878 loc.
378 3823 406 3878 A
424 3823 650 3881 iocundissimam
669 3825 697 3878 Β

292 3918 325 3965 10
344 3912 378 3967 de
396 3915 487 3970 terrae
506 3915 659 3969 Pontedera
676 3916 761 3984 antiq.
777 3917 823 3970 lat.
836 3933 864 3984 p.
881 3921 936 3972 106
955 3918 1069 3973 Tterrae
1091 3919 1118 3973 V
1132 3916 1232 3974 terrae⁴
1243 3920 1303 3975 AB

221 4008 251 4054 11
277 4000 456 4074 relinquitur]
476 4003 517 4056 De
537 4003 659 4058 secunda
676 4003 826 4074 principali
844 4007 875 4060 e'n
893 4007 1016 4076 marpine
1033 4009 1147 4063 rubrica
1164 4009 1192 4063 A
1266 4017 1299 4064 13
1318 4029 1350 4066 ιι

219 4090 358 4145 finitatem
383 4092 442 4148 PA
465 4091 631 4147 affinitatem
650 4093 699 4146 Bo
772 4099 804 4146 15
828 4094 975 4164 adportare
996 4096 1054 4150 ΡΑ
1077 4100 1227 4167 apportare
1246 4100 1295 4153 Bo

220 4178 338 4233 tercium
357 4181 385 4233 A
459 4175 495 4236 17
521 4181 595 4251 agris
619 4183 833 4252 serperentptnen
855 4186 887 4238 in
904 4184 932 4240 A
1005 4191 1037 4238 19
1064 4185 1215 4241 latrocinia
1236 4188 1263 4240 V
1282 4190 1350 4243 latr

220 4270 264 4337 effi
278 4285 306 4336 Β
325 4285 470 4339 latrotiuia
484 4285 513 4340 A
583 4293 618 4340 20
637 4288 685 4355 qni
704 4291 768 4343 sunt
787 4306 836 4346 om.
852 4291 911 4344 Am
981 4309 1069 4361 prope
1088 4293 1159 4349 oelie
1174 4293 1264 4347 PAR
1279 4307 1350 4365 pro]

221 4369 371 4432 caeliemo
444 4379 477 4426 21
501 4390 573 4442 quae
597 4375 638 4430 ibi
660 4379 812 4433 nascuntur
834 4379 883 4433 ubi
907 4380 1030 4434 uendant
1047 4381 1107 4435 AB
1132 4382 1271 4438 Victoriae
1295 4395 1350 4453 qni

221 4454 263 4512 ibi
280 4461 431 4513 naseuntur
449 4460 490 4517 ibi
508 4464 633 4519 cendant
650 4466 679 4520 P
693 4482 766 4535 qnae
784 4466 833 4521 ubi
850 4471 1003 4531 nascuntur
1020 4468 1061 4523 ibi
1078 4469 1203 4526 cendant
1220 4489 1237 4528 a
