3000 5026
188 322 231 385 60
346 327 350 333 ’
682 324 839 381 CATONIS

188 493 271 571 Ipsus
299 501 329 553 et
359 495 411 572 qui
439 493 520 553 dabit
548 495 635 554 tacito
658 502 692 554 ut
715 502 841 573 uterque
870 493 1038 554 sublimiter
1061 501 1148 553 stent.
1187 512 1255 553 vaso
1279 493 1330 572 tig-

188 618 244 659 neo
268 601 344 660 dato.

87 699 186 757 LXXI‘
277 707 335 767 Bos
359 710 384 767 si
408 717 560 787 aegrotare
585 712 729 790 coeperit,
754 711 820 769 dato
845 712 985 769 continuo
1009 711 1037 767 ci
1056 727 1149 768 unum
1167 726 1256 767 ovum
1273 706 1330 786 gal-

188 815 334 875 linaceum
358 816 498 876 crudum:
522 818 671 894 integrum
695 819 783 877 tacito
807 819 936 877 devoret.
974 817 1117 895 postridie
1132 823 1222 894 caput
1238 813 1330 892 ulpici

188 925 335 982 conterito
359 941 426 982 cum
450 924 568 983 hemIna
597 927 658 984 vini
681 925 828 1003 tacitoque
857 924 964 984 ebibat.
1002 905 1169 983 sublimiter
1197 928 1275 980 mat
1302 929 1331 981 ct
1355 935 1367 975 5

188 1048 256 1089 vaso
280 1030 376 1108 ligneo
401 1030 462 1111 det,
490 1031 603 1110 bosque
627 1035 710 1110 ipsus
734 1040 763 1092 et
787 1034 838 1110 qui
862 1030 942 1091 dabit
966 1030 1132 1091 sublimiter
1155 1035 1222 1088 stet.
1250 1029 1332 1088 ¹ieiu-

188 1158 245 1201 nus
269 1141 368 1199 ieiuno
392 1136 460 1197 beri
484 1138 560 1198 dato.

74 1250 171 1308 LXXII
279 1245 373 1304 Boves
396 1262 433 1303 ne
456 1244 548 1322 pedes
572 1244 734 1326 subierant,
758 1247 931 1324 priusquam
955 1246 986 1304 in
1000 1246 1075 1304 viam
1091 1262 1239 1323 quoquam
1255 1261 1331 1323 ages,

189 1355 254 1432 pice
274 1352 384 1430 liquida
408 1370 519 1411 cornua
543 1352 641 1411 intima
666 1354 799 1429 unguite.

60 1464 168 1521 LXXIII
276 1457 331 1518 Vbi
358 1476 432 1518 uvae
460 1461 556 1518 variae
585 1461 739 1537 coeperint
767 1460 845 1538 tieri,
876 1457 973 1518 bubus
997 1458 1245 1518 medicamentum
1265 1458 1331 1518 dato
1344 1469 1368 1507 1⁰

189 1568 357 1646 quotannis,
380 1567 425 1624 uti
439 1564 562 1624 valcant.
599 1564 705 1644 pellem
730 1567 886 1643 anguinam
903 1565 953 1624 ubi
968 1564 1085 1644 videris,
1109 1563 1205 1624 tollito
1220 1572 1250 1625 et
1265 1583 1331 1625 con·

188 1674 264 1754 dito‚
293 1692 330 1732 ne
354 1690 480 1752 quaeras
503 1691 570 1732 cum
596 1690 670 1750 opus
694 1675 758 1732 siet.
796 1691 861 1732 eam
884 1670 990 1750 pellem
1015 1679 1045 1730 et
1068 1673 1112 1732 lar
1136 1680 1165 1732 et
1189 1672 1281 1732 salem
1303 1679 1333 1731 ct

188 1779 367 1860 serpullum,
391 1779 464 1839 haec
483 1783 580 1840 omnia
599 1799 657 1840 una
677 1782 823 1840 conterite
843 1782 1007 1859 somnino,
1031 1779 1098 1838 dato
1117 1778 1217 1839 bubus
1232 1778 1332 1839 bitaut

189 1886 334 1947 omuibus.
371 1907 425 1966 per
439 1895 581 1948 aestatem
595 1887 685 1948 boves
700 1907 804 1966 aquam
819 1887 926 1947 bonam
941 1894 971 1946 et
985 1886 1126 1965 liquidam
1141 1885 1244 1947 bibant
1259 1905 1331 1946 sem·

189 2013 242 2073 per
266 2002 382 2055 curato:
406 2002 440 2055 ut
462 1994 577 2054 valeant
600 1995 701 2054 refert.
1343 2001 1369 2041 ¹⁵

47 2095 170 2152 lsffllll
277 2100 387 2162 Panem
410 2102 587 2180 depsti0ium
613 2104 656 2161 sic
681 2102 776 2161 tacito.
813 2120 918 2161 manus
942 2103 1175 2180 mortariumque
1200 2100 1277 2160 bene
1294 2100 1331 2160 la·

188 2217 264 2268 vato.
301 2210 426 2269 farinam
448 2210 480 2267 iu
503 2211 678 2268 mortarium
702 2209 809 2288 Indito,
832 2226 925 2286 aquae
944 2208 1085 2286 paulatim
1104 2207 1203 2267 addito
1223 2207 1331 2285 subigi·

189 2321 279 2393 toque
293 2315 427 2394 pulchre.
464 2313 516 2374 ubi
533 2313 607 2373 bene
622 2313 785 2392 subegeris
810 2314 950 2392 detingito
965 2317 1144 2394 coquitoque
1169 2315 1226 2375 sub
1245 2322 1331 2375 testu.
1350 2299 1354 2307 ¹

76 2414 170 2471 LXXV
278 2422 384 2483 Libum
414 2422 470 2481 hoc
500 2420 586 2480 modo
610 2420 706 2480 tacito.
749 2422 921 2481 euscium
945 2421 1022 2481 bene
1045 2421 1169 2481 disterat
1198 2424 1228 2482 in
1257 2439 1331 2481 mor·

189 2529 273 2588 tario.
316 2527 368 2587 ubi
391 2527 467 2587 bene
491 2527 667 2607 distriverit,
691 2528 802 2588 farinae
822 2528 973 2607 siligineae
988 2528 1093 2590 libram
1116 2535 1181 2611 aut,
1204 2530 1230 2588 si
1255 2528 1369 2588 votesr·

189 2636 323 2694 tenerius
347 2652 421 2713 esse,
446 2633 583 2693 selibram
607 2635 780 2714 similaginis
804 2635 927 2714 [solum]
970 2637 1074 2697 eodem
1092 2636 1186 2697 Indito
1209 2637 1332 2715 permis·

261 2848 274 2894 1
294 2841 382 2910 ipsius
401 2858 469 2897 corr.
488 2842 566 2911 ipsus
585 2842 612 2895 A
693 2842 779 2899 facito
798 2845 830 2897 nt
848 2847 965 2912 uterque
989 2843 1046 2897 VR
1064 2844 1150 2899 tacito
1168 2848 1288 2915 uterque
1307 2844 1333 2898 A

259 2948 326 2986 uase
350 2930 439 2985 VAR

260 3029 275 3076 3
295 3023 327 3075 R.
347 3021 447 3074 LXXX
467 3021 521 3077 Bos
541 3022 564 3075 si
583 3023 711 3092 egrotare
732 3022 838 3091 ceperit
856 3022 883 3075 A
916 3023 969 3077 Bos
994 3023 1018 3077 si
1041 3023 1187 3093 aegrotare
1206 3021 1332 3091 coeperit

194 3110 238 3165 Vb
311 3110 438 3178 egrotare
458 3110 564 3179 ceperit
582 3111 642 3164 AR
661 3110 851 3180 aegrotauerit
874 3110 901 3163 V
982 3116 998 3164 5
1018 3112 1131 3166 hemma
1149 3128 1218 3166 corr.
1239 3129 1288 3165 -mr
1306 3111 1331 3164 A

260 3204 276 3252 6
295 3214 363 3251 uaso
382 3197 538 3263 ARVtet„
557 3214 623 3251 usse
647 3198 674 3249 V

260 3291 276 3339 8
295 3285 326 3338 R.
346 3284 460 3338 LXXXI
480 3286 569 3340 Boues
587 3301 622 3338 ne
641 3283 726 3353 pedes
745 3287 890 3340 subterant
907 3288 934 3340 A
945 3287 988 3341 Vb
1061 3279 1189 3344 subirent
1207 3292 1234 3344 A

262 3379 294 3426 10
313 3374 344 3428 R.
363 3373 490 3429 LXXXII
514 3372 659 3439 Quomodo
681 3373 772 3428 bubus
795 3376 1031 3431 medicamentum
1050 3380 1131 3434 detur
1148 3380 1231 3435 APb
1262 3379 1333 3444 Quo·

189 3465 272 3518 modo
290 3464 381 3518 bubus
401 3462 635 3517 medicamentum
654 3481 670 3518 o
742 3465 884 3534 coeperint
908 3466 934 3519 V
959 3469 1084 3537 ceperint
1102 3471 1129 3523 A
1153 3470 1281 3542 ceperint
1300 3471 1334 3523 bc

187 3544 191 3556 ’
262 3559 292 3607 11
314 3550 463 3622 quotannis
482 3551 538 3604 bcc
557 3552 631 3618 quod
650 3553 729 3607 annis
745 3553 827 3622 PAs
894 3558 922 3609 et
940 3557 1053 3611 condIto
1072 3559 1178 3626 oooA,
1199 3560 1264 3612 add.
1284 3558 1334 3611 VR

262 3651 293 3696 13
321 3643 388 3696 dato
412 3639 502 3694 bubus
525 3639 623 3695 bibant
646 3643 773 3696 omnibus
796 3644 950 3714 Anisus,
979 3645 1045 3701 dato
1068 3646 1157 3701 bobus
1181 3645 1283 3703 bibant
1310 3649 1336 3700 P

189 3732 255 3785 dato
274 3731 364 3785 bubus
383 3728 511 3783 omnibus
530 3731 562 3782 ut
579 3729 712 3787 bibente
787 3739 820 3786 14
840 3736 960 3806 semper]
981 3752 1061 3805 seper
1080 3738 1105 3789 A

263 3826 294 3873 16
314 3819 346 3873 R..
366 3817 506 3871 LXXXIII
529 3818 633 3873 Panem
657 3820 794 3875 testitium
818 3823 858 3903 sip
876 3823 963 3877 facito
983 3826 1009 3877 A
1042 3824 1147 3879 Panem
1166 3825 1334 3894 depstioium

190 3907 230 3961 sic
248 3907 335 3962 facito
351 3908 467 3974 PVc'ct.,
485 3909 590 3962 Panem
608 3909 764 3979 depsticum
784 3911 823 3964 sic
842 3911 928 3967 facito
948 3914 962 3966 b
983 3913 1086 3967 Panem
1106 3915 1276 3984 dopsIticum
1296 3917 1334 3970 sic

189 3996 275 4052 facito
295 4016 310 4052 o
383 3997 550 4068 depsticium
572 3998 638 4052 Pbe
657 3999 822 4068 depstItium
840 4002 868 4054 A
887 4001 1026 4070 depstinm
1044 4001 1245 4068 ftestitiumo

190 4093 221 4141 17
242 4088 379 4157 paulatim
395 4088 453 4142 VR
471 4087 625 4158 pauleatim
640 4088 667 4141 A
732 4088 865 4158 defingito
884 4089 1054 4157 coquitoque
1075 4091 1131 4144 VR
1149 4092 1266 4148 definito
1285 4096 1336 4161 (cet

189 4176 319 4245 desinite)
339 4176 475 4245 quoquito
494 4178 521 4231 A
596 4172 600 4178 ’

261 4270 293 4316 19
318 4262 349 4316 R.
373 4264 528 4318 LXXXIIII
551 4265 650 4319 Cibum
676 4263 716 4319 sic
739 4265 825 4320 facito
845 4268 871 4320 A
899 4267 1000 4320 Libum
1025 4268 1065 4322 sic
1082 4268 1203 4323 facitob
1232 4271 1333 4326 Libum

190 4351 243 4402 hoc
258 4349 341 4404 modo
360 4350 445 4405 facito
463 4352 490 4406 V
558 4354 655 4408 Cibum
676 4355 703 4408 A
776 4355 893 4410 disteras
913 4357 941 4411 in
961 4358 1102 4423 mortario,
1121 4357 1170 4411 ubi
1188 4358 1261 4415 bene
1280 4361 1334 4415 dis·

190 4437 302 4492 triueris
315 4440 467 4496 Pontedera
473 4459 503 4511 p.
512 4446 549 4498 65
598 4442 771 4500 ‘Adlibrcmo
789 4443 863 4500 libra
873 4447 964 4500 PAR
1020 4453 1052 4502 21
1064 4445 1166 4518 indito]
1174 4447 1334 4506 indiditoA
