3000 5026
479 359 607 416 RERVM
627 357 862 416 ttvsulcssvm
880 358 946 414 LlB.
965 358 1005 413 Ill
1025 351 1045 410 5
1259 357 1325 423 279

131 576 159 602 .,
176 527 300 607 epulum
326 546 360 589 ac
383 527 573 610 triumphus,
601 529 752 607 sexaginta
778 526 859 589 milis
889 545 965 606 quae
993 529 1037 588 vis
1059 529 1161 589 statim
1183 527 1215 588 in
1237 527 1339 587 lenus?

175 636 230 697 des
265 634 369 699 licebit
401 635 537 697 multum.
567 636 639 696 dic
670 634 738 697 illut
769 635 896 696 alterum
928 653 1023 714 genus
1055 634 1235 714 ornithonis,
1272 634 1324 712 qui

175 743 268 803 animi
295 759 383 803 carisa
411 744 593 804 constitutus
620 761 637 802 a
667 749 696 803 te
725 741 780 803 sub
803 741 910 802 Casino
937 742 1047 823 fertur,
1076 743 1106 801 in
1130 759 1189 822 quo
1213 740 1321 801 diceris

176 850 262 928 longe
300 851 405 910 vicisse
442 868 502 911 non
534 850 621 911 modo
654 849 835 929 archetypou
866 850 1029 910 inventoris
1062 851 1158 910 nostri
1189 847 1321 908 ornitho-

146 957 314 1036 stropbion
339 956 376 1018 M.
399 956 490 1017 Laeni
514 955 677 1036 Strabonis,
702 957 753 1035 qui
773 955 925 1016 Brundisii
948 955 1057 1035 hospes
1081 962 1183 1016 noster
1206 956 1320 1034 primus

175 1067 206 1125 in
229 1064 373 1144 peristylo
396 1063 499 1124 babuit
522 1062 651 1123 exhedra
664 1062 829 1123 reonclusas
853 1080 930 1145 aves,
954 1081 1027 1142 quas
1049 1069 1185 1141 pasceret
1204 1061 1320 1123 obiecto

175 1178 247 1252 rete,
272 1171 324 1232 sed
348 1173 437 1232 etiam
460 1171 492 1230 in
514 1169 683 1231 Tusculano
707 1187 811 1248 magna
835 1170 968 1230 aedilicia
991 1167 1116 1230 Luculli.
1153 1167 1230 1239 Quoi
1253 1186 1316 1248 ego,
1351 1170 1369 1228 9

175 1277 249 1340 Cum
277 1277 401 1339 habeam
430 1277 486 1338 sub
514 1276 622 1357 oppido
646 1275 753 1337 Casino
782 1277 908 1359 flumen,
935 1276 1012 1355 quod
1043 1294 1097 1355 per
1121 1276 1218 1337 villam
1240 1277 1321 1357 fluat,

175 1384 322 1465 liquidnm
345 1393 376 1446 et
398 1385 491 1446 altum
514 1383 697 1462 marginibus
721 1383 853 1465 lapideis,
878 1383 969 1444 latum
994 1383 1085 1463 pedes
1109 1385 1321 1464 quinquaginta

133 1502 160 1543 10
175 1499 304 1574 septem,
332 1502 362 1552 et
389 1511 405 1552 e
434 1491 499 1551 villa
527 1493 559 1553 in
587 1490 684 1551 villam
711 1490 853 1568 pontibus
875 1498 1058 1572 transeatur,
1086 1491 1207 1569 longum
1230 1489 1321 1569 pedes

172 1612 309 1660 000000
333 1598 488 1659 derectum
510 1597 547 1658 ab
571 1597 668 1658 insula
691 1597 727 1657 ad
751 1615 897 1678 museum,-
922 1616 997 1677 quae
1021 1600 1121 1658 estin
1144 1596 1321 1677 imolluvi0‚

174 1705 226 1766 ubi
248 1705 373 1766 confluit
396 1705 485 1766 altera
509 1707 617 1786 amnis,
645 1704 681 1764 ad
706 1706 853 1765 summum
877 1705 1003 1786 flumen,
1032 1704 1084 1766 ubi
1107 1712 1153 1765 est
1175 1721 1321 1784 museum,

173 1814 289 1872 circum
315 1812 405 1873 buius
432 1813 512 1892 ripas
539 1812 699 1873 ambulatio
723 1812 780 1873 sub
802 1813 851 1873 dio
874 1812 965 1892 pedes
988 1812 1046 1873 lata
1069 1813 1174 1892 denos,
1202 1811 1239 1872 ab
1262 1810 1317 1871 hac
1330 1811 1370 1868 10

175 1917 365 1996 [ambulatio]
389 1928 435 1980 est
458 1922 489 1980 iu
512 1936 616 1998 agrum
640 1938 745 1980 versus
768 1920 935 1981 ornithonis
958 1920 1041 1981 locus
1066 1938 1102 1981 ex
1121 1918 1236 1980 duabus
1254 1935 1319 1997 par·

131 2036 158 2078 1⁶
175 2025 256 2086 tibus
280 2025 383 2086 dextra
407 2035 437 2086 et
449 2028 581 2113 psiuistra
603 2029 741 2088 maceriis
759 2027 827 2088 altis
846 2027 1015 2088 conclusus.
1046 2030 1126 2089 inter
1145 2045 1218 2106 quas
1237 2025 1320 2086 locus

174 2135 226 2212 qui
250 2141 296 2195 est
315 2132 483 2194 ornithonis
504 2132 599 2212 [patet
616 2135 647 2192 in
666 2132 852 2194 latitudinem
871 2133 963 2212 pedes
982 2113 1115 2213 tumul,
1139 2133 1321 2193 deformatus

174 2239 210 2299 ad
240 2237 356 2299 tabulae
380 2238 541 2300 litterariae
564 2241 695 2318 speciem
718 2257 788 2300 cum
810 2239 955 2321 capitulo,
983 2241 1076 2300 forma
1100 2257 1158 2319 qua
1182 2247 1227 2300 est
1250 2257 1320 2318 qua·

174 2345 271 2429 drata‚
299 2353 382 2424 patet
408 2348 438 2406 in
463 2345 649 2407 latitudinem
671 2345 763 2426 pedes
785 2361 908 2428 xuv111,
937 2349 967 2407 in
991 2345 1205 2426 longitudinem
1229 2346 1320 2425 pedes

127 2580 130 2587 ¹
265 2521 278 2570 1
303 2517 401 2572 foenus
424 2512 451 2572 V
536 2524 552 2571 2
576 2518 636 2588 des]
660 2517 719 2572 dies
743 2535 811 2573 corr.
836 2520 885 2574 des
904 2517 932 2572 A
1020 2517 1141 2572 multum
1163 2517 1208 2573 dic
1232 2518 1321 2575 VAB

173 2607 235 2660 tum
253 2605 336 2675 mihi,
356 2608 388 2662 tu
407 2606 452 2663 dic
471 2609 625 2664 Iracundus.
670 2607 800 2677 ‘Antiqui
828 2609 894 2664 libri
916 2609 1014 2664 uittasa'
1027 2630 1035 2662 :
1049 2609 1088 2663 sic
1115 2609 1186 2663 enias
1213 2609 1321 2680 babent,

173 2694 294 2751 Multum
318 2695 363 2752 dic
386 2696 463 2761 illut,
492 2696 557 2752 etc’
588 2696 727 2753 Victorius
796 2695 863 2751 illut
885 2698 943 2752 PA
966 2697 1037 2751 illud
1059 2697 1108 2752 Bo
1180 2703 1198 2751 4
1225 2698 1321 2754 arche·

173 2787 262 2856 bypon
291 2786 347 2840 VB
376 2786 508 2855 arcetypb
532 2787 559 2838 A
651 2790 667 2839 5
694 2786 744 2838 M.
760 2785 835 2839 laeni
858 2787 886 2840 Β
907 2784 937 2838 Μ
952 2827 958 2840 .
973 2784 1030 2839 leni
1055 2786 1111 2840 PA
1134 2787 1164 2839 Μ
1179 2828 1185 2840 .
1200 2785 1281 2841 Lenii
1305 2804 1321 2841 o

173 2874 329 2930 M.Laenii
352 2874 490 2930 Victoritss
561 2872 688 2927 brundisi
704 2874 708 2941 Ι
724 2871 837 2941 ihospes
857 2874 883 2926 A
904 2871 1051 2926 brundusii
1069 2872 1171 2941 hospes
1194 2874 1251 2928 VB

172 2964 282 3034 primus
300 2980 350 3018 om.
369 2965 396 3018 A
469 2969 485 3017 6
504 2962 534 3016 in
551 2961 686 3031 peristylo
710 2959 737 3014 V
752 2960 781 3014 in
799 2960 926 3030 peristilo
944 2962 971 3014 B
990 2959 1158 3030 imperisbilo
1176 2959 1204 3014 A
1275 2979 1321 3016 ex-

171 3053 278 3108 hedera
302 3052 391 3108 VAB
410 3051 556 3108 exedram
649 3056 785 3121 lmagno
805 3047 932 3105 aedilicio
957 3050 1013 3103 VB
1031 3064 1134 3120 magno
1153 3050 1275 3106 edifficio
1293 3051 1321 3105 A

176 3215 179 3219 Ι
235 3141 341 3198 lucullo
360 3158 429 3197 corr.
453 3139 552 3195 luculli
570 3140 597 3194 A
656 3139 734 3211 quoi]
754 3138 803 3209 qui
824 3138 915 3194 VAB
933 3137 978 3194 cui
995 3127 1141 3195 Iucundos
1195 3140 1321 3194 balbum

174 3233 324 3288 Incanadus
342 3230 428 3285 alium
448 3230 537 3285 VAB
591 3230 691 3300 pedem
711 3245 779 3285 corr.
799 3260 833 3269 -
853 3247 880 3285 ea
892 3230 984 3299 priano
998 3230 1054 3284 loco
1068 3227 1096 3282 A
1152 3234 1185 3282 10
1204 3228 1321 3300 longum

171 3320 260 3392 pedes
283 3318 419 3375 Deccct
443 3321 500 3374 PA
528 3319 644 3389 longum
665 3319 752 3389 pedes
777 3317 885 3373 COOOL
911 3317 1321 3397 130100ςο0οΡ.ΒοὒῦοΒ

179 3409 318 3465 Vlctora'us
336 3411 428 3464 adnot.
447 3409 480 3462 ia
498 3409 520 3462 1
537 3413 581 3474 10,
599 3412 618 3462 2
704 3410 736 3461 11
756 3407 898 3462 derectum
917 3409 976 3463 ΡΒ
994 3407 1131 3464 directum
1150 3407 1209 3464 Am
1285 3410 1322 3463 ad

174 3513 301 3553 museum
319 3498 346 3551 A
371 3497 407 3552 ad
431 3513 575 3551 musaeum
596 3497 656 3551 ΡΒ
680 3497 717 3552 sd
739 3511 864 3551 muscum
888 3513 918 3566 a,
941 3499 1037 3553 deleuit
1061 3498 1178 3553 Ursinus
1249 3512 1321 3567 quas

176 3587 219 3642 est
237 3587 331 3642 animo
350 3585 436 3641 fluuio
458 3585 515 3638 ΡΒ
539 3589 565 3639 et
582 3602 641 3640 nno
660 3586 751 3640 tiana
767 3590 829 3655 post
846 3585 885 3640 flu
904 3587 991 3642 deleta
1008 3586 1036 3640 A
1055 3604 1128 3656 (1000
1147 3589 1191 3642 est
1209 3606 1226 3643 a
1244 3586 1320 3642 uinio

173 3674 260 3730 fluuio
283 3693 308 3731 o.
347 3675 463 3730 ‘Fleuit'
481 3676 580 3729 nomen
594 3675 627 3728 s'n
645 3674 769 3743 antiquis
784 3677 986 3743 perturbatum,
1004 3692 1062 3732 non
1079 3681 1170 3733 tomen
1187 3683 1321 3748 receptans

175 3765 313 3820 hodonem
331 3768 425 3818 temere
444 3764 566 3829 sumant,
586 3767 700 3818 ueterem
718 3767 827 3817 tantum
845 3764 970 3820 indicare
988 3767 1053 3820 uolo
1067 3786 1075 3819 .·
1089 3767 1141 3822 itta
1155 3773 1243 3822 autem
1257 3768 1321 3822 hoec

173 3857 224 3921 est,
251 3851 330 3916 Quae
349 3855 390 3907 est
409 3850 503 3906 animo
521 3850 619 3905 fluuio’
645 3852 788 3907 Victorius.
827 3869 899 3921 (1000
919 3854 962 3908 est
980 3851 1015 3906 ab
1035 3852 1092 3907 imo
1111 3855 1197 3912 fluuio
1218 3855 1320 3911 Turne·

174 3943 224 3997 bea
242 3943 348 3996 advers.
367 3946 415 4008 21,
433 3943 472 3995 23
545 3945 577 3994 12
596 3939 711 3994 confluit
728 3958 745 3995 o
764 3940 880 3996 confluit
898 3958 967 3997 corr.
982 3973 1016 3983 —
1030 3944 1060 3996 eb
1077 3944 1105 3997 Β
1124 3945 1245 3999 confluet
1263 3943 1321 3998 PA

245 4049 336 4102 altera
354 4047 433 4102 annis
446 4047 474 4099 A
546 4024 672 4101 mdseum
684 4048 713 4101 A
731 4064 875 4103 musaeum
889 4047 945 4102 PB
963 4030 1124 4103 muscumo
1198 4056 1230 4102 13
1248 4050 1319 4120 lata]

173 4136 234 4192 latu
253 4139 282 4192 A
354 4135 390 4190 ab
413 4136 467 4190 hae
491 4136 645 4192 ambulatio
669 4139 712 4192 est
731 4138 792 4192 ΡΒ
815 4138 850 4193 ab
873 4137 926 4191 hac
950 4135 1103 4190 ambulatio
1127 4143 1142 4191 e
1161 4137 1189 4190 A
1212 4137 1248 4192 ab
1267 4138 1320 4191 hac

171 4225 348 4282 ambulatio&
366 4243 381 4279 v
437 4231 470 4278 15
489 4225 562 4280 inber
580 4243 679 4296 quasa
697 4227 771 4282 inter
785 4244 853 4295 quos
867 4225 957 4281 PAB
1013 4232 1045 4281 16
1063 4225 1149 4296 pedes
1164 4225 1279 4280 XLVIII
1294 4227 1322 4281 P

171 4315 336 4385 p.XLVIlI
355 4316 403 4368 Ba
422 4314 507 4382 pedes
524 4313 650 4368 XLVIIII
668 4316 696 4370 A
770 4323 802 4371 17
824 4316 915 4371 forma
933 4333 989 4383 (100
1012 4318 1056 4370 est
1078 4321 1109 4371 ut
1125 4316 1234 4371 uidear
1250 4333 1278 4371 m
1296 4321 1321 4372 et

172 4403 312 4459 Gesnerus
329 4402 420 4458 forma
439 4418 510 4471 quae
529 4405 571 4458 est
589 4404 645 4458 VB
662 4403 821 4474 formaque
835 4405 920 4459 estA
976 4409 1009 4460 18
1027 4405 1057 4459 in
1071 4403 1222 4460 latitudine
1232 4411 1320 4475 poste·

170 4495 247 4549 ricre
264 4493 323 4548 loco
340 4491 368 4546 A
