3000 5026
433 345 562 402 RERVM
580 344 819 401 ttvsrtcnavnt
837 345 906 399 ΜΒ
925 345 966 398 ΠΙ
985 337 1061 404 7-8
1260 341 1323 406 287

180 511 318 572 medium.
363 513 415 591 qui
438 514 495 573 iam
518 515 625 592 pinnas
648 514 797 592 incipiunt
819 512 938 592 habere,
961 511 1110 572 relincunt
1133 513 1163 570 in
1187 510 1257 571 nido
1280 511 1324 570 in-

126 639 129 642 ·
178 617 243 678 lisis
266 617 405 680 cruribus
429 626 459 678 ct
483 619 641 701 matribus,
664 618 787 680 uberius
811 627 845 680 ut
868 618 935 679 cibo
958 620 1002 679 uti
1025 620 1154 699 possint,
1182 617 1323 678 obiciunt.

180 743 214 784 6ο
244 727 323 785 enim
352 734 447 786 totum
477 726 554 786 diem
585 745 616 786 se
645 735 675 786 et
703 726 799 804 pullos
826 735 960 804 pascunt.
1007 728 1059 804 qui
1078 727 1126 786 ita
1150 725 1323 804 educantur,

180 830 308 892 celerius
335 835 508 911 pinguiores
536 834 612 893 fiunt
640 852 728 912 quam
756 832 818 913 alii,
852 842 882 893 ct
910 832 1050 893 candidae
1085 832 1159 892 liunt
1186 839 1323 911 parentes

148 946 164 998 's
180 956 292 999 corum.
326 937 444 1021 Romae,
464 944 489 1001 si
508 949 578 1001 sunt
597 942 728 1020 formosi,
747 940 825 1001 bono
846 941 953 1021 colore,
972 943 1090 1019 integri,
1108 939 1179 999 boni
1194 941 1324 1018 seminis,

179 1047 261 1123 paria
294 1038 408 1124 singula
441 1047 525 1125 volgo
560 1056 688 1108 veneunt
720 1048 843 1109 ducenis
871 1050 1014 1128 nummis,
1047 1066 1102 1107 nec
1130 1065 1189 1106 non
1218 1049 1323 1106 eximia
1378 1082 1380 1087 ·

178 1152 303 1231 singulis
326 1153 446 1214 milibus
469 1173 632 1215 nummum.
666 1174 738 1235 quas
762 1173 859 1234 nuper
878 1173 946 1215 cum
965 1161 1112 1214 mercator
1130 1155 1205 1213 tanti
1224 1171 1322 1213 emere

177 1257 265 1319 vellet
289 1279 304 1318 a
329 1259 361 1320 L.
385 1262 473 1341 Axio,
502 1264 601 1341 equite
625 1261 770 1343 Romano,
798 1264 923 1321 minoris
947 1261 1170 1341 quadringentis
1193 1260 1324 1320 denariis

177 1365 316 1426 daturum
345 1370 469 1445 negavit.
519 1370 623 1450 Arina,
652 1369 684 1430 Si
711 1388 829 1448 possem
848 1388 968 1443 emere,
996 1371 1106 1449 inquit,
1133 1370 1368 1446 peristerona11

137 1491 163 1530 10
178 1473 302 1555 lactum,
331 1492 420 1552 quem
448 1474 483 1535 ad
512 1477 646 1558 modum,
675 1478 705 1537 in
734 1477 857 1538 aedibus
885 1495 952 1537 cum
981 1475 1090 1536 habere
1119 1475 1236 1555 vellem,
1266 1477 1323 1535 emi

177 1579 279 1640 fictilia
299 1579 488 1662 columbaria,
512 1585 570 1643 iam
589 1586 678 1644 issem
699 1591 831 1663 emptum
852 1581 1017 1660 [emissem]
1038 1583 1074 1642 ad
1093 1583 1198 1642 villam.
1232 1581 1323 1652 Quasi

176 1705 256 1768 vero,
280 1689 378 1767 inquit
397 1688 475 1771 Pica,
499 1709 559 1776 non
582 1693 612 1750 in
637 1690 711 1751 urbe
731 1709 850 1770 quoque
870 1691 929 1750 sint
948 1689 1042 1750 multi.
1075 1707 1112 1749 an
1131 1689 1192 1750 tibe
1212 1689 1322 1750 colum-

176 1792 259 1853 baria
293 1797 343 1874 qui
372 1797 402 1855 in
434 1796 541 1874 tegulis
569 1797 692 1878 habeut,
727 1815 785 1857 non
810 1796 948 1857 videntur
974 1796 1083 1856 habere
1112 1797 1322 1875 peristeronas,

175 1918 244 1960 cum
269 1899 381 1980 aliquot
405 1920 495 1981 supra
519 1911 639 1964 centum
663 1902 777 1963 milium
802 1905 973 1963 sestertium
997 1901 1125 1963 habeant
1143 1905 1322 1964 instrumen-

134 2024 160 2064 15
175 2004 263 2069 tum?
296 2027 312 2068 6
337 2011 403 2088 quis
427 2009 552 2071 alicuius
577 2019 672 2072 totum
697 2028 777 2070 emas
802 2028 922 2090 censeo,
952 2017 982 2070 et
1005 2019 1162 2089 antequam
1186 2011 1322 2070 aedificas

174 2129 247 2174 rure
275 2134 428 2196 magnum,
456 2117 611 2179 condiscas
639 2118 687 2178 hic
715 2120 745 2176 in
774 2117 848 2177 urbe
877 2118 985 2178 cotidie
1013 2117 1128 2178 lucrum
1157 2136 1251 2178 assem
1276 2135 1321 2177 se·

174 2223 297 2282 missem
321 2223 449 2284 condere
475 2226 505 2284 in
529 2225 651 2286 loculos.
705 2262 707 2266 ,

265 2330 341 2390 Tum
365 2330 476 2392 Merula
500 2334 551 2412 sic,
574 2332 668 2412 Perge
692 2332 840 2410 deinceps
877 2331 940 2411 llle,
964 2331 1145 2391 Turturibus
1167 2333 1250 2410 item,
1274 2333 1316 2390 in·
1336 2339 1401 2400 vlu

175 2438 259 2516 quit,
292 2436 388 2497 locum
422 2440 663 2500 constituendum
695 2439 819 2519 proinde
853 2457 1004 2518 magnum,
1037 2457 1075 2526 ac
1099 2437 1319 2533 multitudinem

132 2560 160 2598 ao
174 2541 255 2603 alere
278 2543 366 2629 uve-‚lim
395 2563 522 2624 eumque
546 2548 630 2625 item,
656 2553 689 2605 ut
712 2545 748 2605 de
773 2544 918 2607 columbis
942 2545 1054 2606 dictum
1078 2553 1136 2626 est,
1159 2553 1192 2605 ut
1215 2545 1321 2606 habeat

174 2628 286 2710 ostium
318 2670 352 2711 ac
384 2652 530 2713 fenestras
564 2661 595 2713 et
627 2671 732 2731 aquam
765 2671 869 2731 puram
903 2673 936 2714 ac
969 2654 1097 2732 parietes
1127 2671 1161 2712 ac
1190 2671 1320 2713 camaras

267 2902 281 2949 6
310 2894 389 2964 paria
416 2895 527 2964 singula
553 2895 638 2964 volgo
666 2894 788 2948 veneunt
811 2894 914 2948 Colum.
944 2894 1033 2947 VIII
1050 2900 1117 2960 &9
1210 2901 1225 2948 7
1251 2912 1320 2962 quaa

172 2999 264 3053 nuper
283 3000 346 3037 cum
366 2986 503 3039 mercator
523 2983 601 3038 Plio.
622 2989 666 3052 10,
686 2988 739 3038 110

251 3223 263 3268 1
284 3216 364 3284 pinas
382 3215 409 3269 A
464 3215 603 3270 relincunt
622 3213 680 3268 PA
698 3213 859 3282 relinquunt
876 3213 924 3267 Β6
978 3211 1067 3267 inlinis
1084 3213 1111 3266 P
1128 3213 1210 3267 illisis
1226 3213 1319 3268 BA²o

174 3304 246 3359 ilicis
265 3306 291 3357 A
365 3311 380 3358 2
401 3305 510 3374 possint
533 3305 559 3357 V
575 3304 692 3373 possunt
709 3303 769 3357 AB
842 3308 859 3356 4
877 3302 948 3356 fiunt
966 3319 1049 3370 quam
1070 3302 1119 3356 alii
1138 3305 1167 3356 et
1184 3303 1319 3357 candidae

175 3394 208 3446 in
235 3395 359 3464 morplne
381 3395 485 3463 sera'pto
508 3395 540 3447 ia
561 3394 589 3447 Β
680 3399 696 3445 6
724 3392 808 3460 uolgo
834 3391 892 3445 ΡΒ
915 3391 1000 3460 uulgo
1024 3390 1072 3444 Ao
1163 3398 1178 3445 8
1207 3391 1319 3459 quadri-

176 3481 270 3550 gentis
288 3483 315 3535 A
389 3482 545 3554 9possem]
565 3498 678 3551 possum
697 3481 725 3535 A
778 3480 870 3547 inquit
892 3480 947 3534 VB
966 3479 1108 3548 inquidA
1166 3481 1318 3547 10666611-

176 3571 290 3625 modum
306 3572 334 3625 A
381 3577 412 3624 11
428 3571 566 3637 emissem]
582 3569 758 3623 etmirissem
774 3569 920 3622 Iucundos
967 3573 999 3621 12
1014 3568 1105 3636 inquit
1115 3569 1169 3622 VB
1184 3568 1319 3635 inquidA

249 3676 286 3714 an
308 3659 368 3714 tibe
391 3658 562 3714 columbaria
579 3676 594 3711 o
619 3659 731 3712 antibo
751 3656 906 3712 columbari
926 3656 954 3709 P
971 3658 1065 3712 antibe
1084 3657 1272 3731 columbarias
1291 3660 1319 3713 Β

177 3749 273 3803 antibo
292 3749 455 3803 columbaria
470 3749 528 3802 Am
584 3753 616 3800 14
634 3746 771 3814 aliquoto
791 3745 907 3814 aliquod
923 3746 1022 3801 PAB.
1049 3748 1164 3813 sortasse
1178 3747 1266 3816 aliqui

176 3840 290 3892 centum
307 3837 417 3892 milium
436 3836 593 3890 sestertium
613 3835 639 3888 V
654 3838 764 3890 centum
779 3834 872 3888 milius
887 3835 965 3904 (corr.
981 3835 1100 3906 milium)
1116 3838 1277 3891 sestercium
1291 3837 1319 3891 A

176 3930 288 3983 centum
312 3926 410 3980 milum
433 3925 593 3979 sestertium
615 3925 642 3978 Β
717 3929 748 3977 15
777 3923 907 3977 aedificas
929 3925 1019 3979 PAR
1043 3924 1173 3979 aedifices
1196 3944 1211 3979 6
1285 3932 1317 3979 16

175 4018 322 4072 condiscas
342 4019 368 4070 A
440 4015 542 4085 assem]
563 4031 639 4068 asem
657 4014 684 4067 A

249 4113 282 4160 18
305 4108 366 4159 tum
388 4104 495 4158 merula
518 4104 557 4157 sic
581 4104 638 4157 VB
660 4108 685 4157 et
706 4103 796 4171 spotia
819 4103 850 4155 tn
873 4103 979 4170 reliqua
1001 4119 1093 4156 uersos
1112 4108 1194 4169 porte
1216 4103 1316 4168 relicto,

173 4197 206 4251 ic
238 4211 292 4266 quo
323 4195 435 4248 rubrt'co
466 4193 598 4260 scriptum
630 4197 666 4246 est
699 4192 740 4246 De
772 4189 938 4257 turturibus,
975 4192 1002 4242 A
1030 4190 1130 4262 Axius
1147 4193 1179 4244 tu
1200 4191 1318 4262 Merula

175 4285 324 4339 lumidus
387 4280 479 4348 inquit
502 4280 555 4333 VB
574 4280 672 4348 inquid
691 4280 719 4333 A
773 4286 807 4333 20
826 4278 911 4346 alere]
931 4279 1037 4333 arelere
1056 4296 1124 4334 6666,
1145 4280 1218 4334 alere
1236 4280 1264 4333 A

172 4371 280 4429 habeat
301 4370 356 4425 VB
376 4369 500 4424 habeant
517 4370 545 4424 A
563 4370 685 4423 habeant
703 4386 728 4422 m
783 4374 815 4420 21
835 4367 957 4453 hostium
976 4368 1004 4421 Β
1060 4385 1183 4422 camaras
1205 4368 1232 4421 P
1250 4387 1318 4436 qua-

170 4477 268 4516 maras
286 4477 354 4514 coar.
375 4475 498 4512 cameras
516 4460 545 4512 A
563 4473 686 4512 cameras
706 4457 783 4510 Bato

229 4558 296 4600 Osco
310 4568 342 4598 nn
356 4568 415 4598 sam
429 4567 449 4597 o.
1072 4554 1104 4601 19
