3000 5026
214 339 256 401 70
717 334 873 388 aaronis

213 506 304 579 derit,
327 503 469 564 melanthi
492 501 696 580 acetabulum,
720 500 799 579 quod
823 500 931 560 medici
944 509 1050 560 rorant
1065 519 1268 582 zmurnaeum‚
1292 521 1358 562 con·

215 615 302 671 terito
326 614 357 670 In
380 613 441 670 riui
465 611 573 669 veteris
596 608 723 667 hemina.
761 608 791 667 td
823 627 877 686 per
904 626 992 667 riores
1020 608 1114 667 indito
1142 616 1173 667 et
1200 608 1236 668 ad
1260 611 1358 687 ipsum

214 738 347 779 morsum
370 729 487 777 stercus
511 715 631 775 suillum
655 716 803 793 adponito.
840 724 870 775 et
894 715 972 774 idem
995 716 1065 794 boe,
1088 717 1115 774 si
1137 734 1212 775 usus
1235 719 1358 796 renent,

216 827 329 886 bomini
352 825 450 884 facito.

138 939 194 996 (ΙΙΙ
304 933 398 991 Boves
422 931 466 990 dti
489 928 604 988 valcant
627 938 656 988 et
681 931 777 988 curati
800 929 876 988 bene
900 930 992 1007 sient,
1015 937 1045 987 et
1069 931 1120 1007 qni
1144 929 1297 990 fastidient
1320 933 1358 990 ci·
1373 943 1402 982 ⁵

214 1042 298 1120 bum,
322 1041 367 1098 uti
386 1040 479 1115 magIs
494 1036 600 1114 cupide
615 1035 767 1115 adpetant,
791 1035 931 1113 pabulum
947 1035 1024 1113 qnod
1044 1035 1129 1095 dabis
1142 1054 1264 1096 amurca
1279 1055 1359 1116 spar-

215 1151 288 1226 git03
315 1148 411 1223 pulmo
431 1143 592 1222 paululum,
611 1143 683 1202 dum
702 1151 907 1222 consuescant,
931 1149 1033 1220 postea
1048 1145 1150 1223 magis,
1174 1151 1205 1204 at
1227 1143 1296 1204 dato
1315 1164 1359 1205 ra·

215 1263 317 1315 renter
345 1252 447 1312 bibere
476 1252 656 1310 conmixtam
684 1268 751 1309 oum
780 1268 856 1328 aqna
879 1249 1081 1328 aequabiliter.
1124 1259 1231 1330 quarto
1256 1253 1360 1330 quInto

216 1379 334 1439 quoque
358 1359 406 1417 die
430 1357 485 1416 boc
510 1359 553 1416 sio
578 1358 675 1416 lacios.
712 1359 752 1415 ita
776 1355 866 1415 bores
889 1364 920 1416 et
943 1374 1068 1433 corpore
1083 1359 1248 1418 tentationes
1263 1367 1359 1440 erunt,

215 1476 245 1526 et
269 1465 391 1525 morbus
415 1463 518 1523 aberit.

143 1575 198 1631 tlv
306 1571 412 1631 Vinum
432 1569 558 1629 familiae
573 1588 627 1648 per
640 1570 768 1629 hiemem
783 1572 835 1648 qui
849 1579 958 1631 utatur.
995 1573 1085 1631 musti
1101 1586 1132 1644 Q.
1148 1588 1170 1632 x
1193 1574 1224 1631 in
1248 1571 1358 1633 dolitum

216 1679 324 1758 indito,
348 1680 424 1738 aceti
447 1679 525 1737 acris
545 1693 576 1750 Q.
591 1692 616 1737 11
639 1677 742 1736 eodem
758 1677 914 1756 infundito,
935 1696 1021 1756 sapae
1037 1691 1069 1749 Q.
1084 1693 1124 1756 11,
1147 1697 1241 1756 aquae
1265 1678 1358 1739 dulcis

138 1816 148 1831 ο
176 1800 194 1855 2
216 1800 247 1858 Q.
263 1799 293 1844 L.
336 1784 408 1844 baec
432 1786 506 1845 rude
529 1787 653 1845 misceto
677 1792 723 1844 ter
747 1787 777 1843 in
801 1784 848 1843 die
872 1785 936 1843 dies
960 1786 1092 1863 qulnque
1115 1787 1283 1846 contiuuos.
1325 1805 1358 1846 eo

216 1891 316 1951 addito
340 1910 433 1971 aquae
456 1895 587 1952 marinae
611 1893 720 1951 veteris
744 1894 889 1951 sextarios
908 1905 1007 1951 nx1111
1023 1899 1053 1950 et
1067 1890 1242 1969 operculum
1261 1894 1292 1952 In
1312 1880 1372 1952 do?

216 1997 287 2057 lium
322 2000 455 2076 inponito
489 2007 519 2058 et
547 1997 671 2058 oblinito
695 2007 763 2074 post
792 1998 855 2057 dies
874 2013 906 2058 x,
943 1997 999 2057 hoc
1027 1999 1129 2057 vinum
1158 1998 1278 2060 durabit
1305 1999 1359 2061 tibi
1400 2012 1402 2016 '

288 2176 303 2222 5
323 2171 412 2224 Boves
431 2170 473 2223 uti
491 2170 603 2223 valeant
623 2169 723 2224 Colum.
747 2168 792 2221 VI
806 2173 872 2236 Aa

290 2355 302 2401 1
324 2347 461 2402 melanthi
484 2348 550 2415 (mel
563 2354 566 2417 I
578 2345 669 2400 Ianthi
687 2348 725 2415 A)
744 2347 920 2401 acetabulum
939 2348 1015 2416 qnod
1035 2348 1126 2401 PAR
1150 2349 1299 2404 melanthii
1317 2368 1360 2405 ac·

218 2437 398 2507 captabulum
418 2438 447 2490 et
465 2436 569 2503 quoda
624 2452 783 2488 amurneum
801 2441 826 2490 et
844 2437 875 2489 ia
893 2453 977 2505 mury.
993 2455 1154 2510 amumqum
1170 2439 1198 2491 P
1215 2456 1361 2495 amaneum

217 2529 244 2580 A
269 2542 430 2580 amurneum
449 2526 488 2592 bf
514 2524 670 2577 imbrneum
694 2541 708 2578 c
734 2542 891 2592 smyrneum
910 2543 934 2579 v.
974 2525 1028 2579 ‘In
1055 2527 1245 2596 ontiqaiasr'mo
1273 2529 1362 2584 codice

216 2621 305 2670 uetere
322 2615 463 2683 saraptana
481 2613 674 2667 Zmaraacum.
696 2644 727 2652 -
746 2614 813 2667 Noa
830 2616 914 2669 molto
927 2620 1006 2684 post,
1026 2614 1204 2684 Soliatitium,
1223 2616 1256 2671 ia
1273 2618 1362 2671 codem

218 2706 296 2770 libro,
311 2720 365 2772 pro
384 2703 546 2770 Salaniana,
564 2704 696 2772 scrc'ptam
714 2703 762 2758 est’
778 2703 916 2758 Victorias
987 2710 1003 2757 2
1024 2706 1130 2773 etpost
1147 2704 1238 2759 indito
1257 2722 1308 2760 om.
1325 2706 1361 2773 A,

217 2794 281 2848 add.
305 2793 361 2846 VR
447 2798 463 2845 3
483 2792 616 2861 apponito
641 2791 697 2846 VR
716 2793 829 2861 aponito
849 2793 876 2847 A
960 2793 1071 2848 uenerit
1093 2792 1242 2860 Victorias,
1261 2810 1361 2849 euene-

212 2881 369 2941 atVAR

289 2971 356 3026 aa.
377 2970 449 3024 CXII
467 2971 556 3026 Boues
574 2971 616 3027 uti
632 2972 842 3026 ualeantAVb
916 2970 990 3027 sient
1004 2972 1042 3040 bs
1056 2971 1113 3026 sint
1130 2972 1205 3027 VAc
1278 2976 1363 3029 dad-

185 3100 188 3105 -
216 3062 316 3130 petant
335 3060 414 3114 PAc
431 3062 568 3130 appetant
586 3061 623 3114 bv
702 3060 813 3129 spagito
835 3060 860 3114 A
940 3061 1131 3131 Ipaululum]
1150 3063 1298 3132 pabulum,
1317 3065 1380 3120 sect

216 3150 286 3203 bia
303 3166 404 3202 rasura
423 3150 449 3200 A
540 3154 556 3201 8
576 3148 727 3202 admixtam
749 3148 825 3201 VAb
845 3149 991 3204 comiatum
1010 3167 1024 3204 c
1118 3168 1179 3205 cum
1199 3161 1274 3222 aqud
1292 3171 1370 3211 corr.

218 3254 249 3290 -a
266 3237 295 3289 A
371 3237 468 3304 quinto
488 3253 597 3306 quoque
618 3235 708 3288 PAR
728 3236 916 3304 quintoquev
995 3245 1010 3292 9
1030 3239 1070 3294 sic
1087 3240 1173 3295 facies
1193 3240 1259 3295 Pbc
1282 3242 1384 3312 Vter,

218 3325 242 3378 si
259 3323 345 3380 facies
363 3327 413 3392 Af
427 3325 450 3379 si
467 3324 567 3380 feceris
585 3341 601 3376 n
674 3325 831 3378 curationes
849 3328 876 3379 A

291 3418 322 3466 11
345 3413 378 3466 R.
402 3412 489 3466 CXIII
513 3411 616 3464 Vinum
643 3412 749 3468 familie
776 3431 827 3482 per
852 3414 973 3470 hiemem
1000 3418 1049 3486 qui
1067 3420 1162 3474 utatur
1180 3421 1229 3476 Ab
1260 3420 1392 3476 Vinum*

218 3501 342 3557 familiae
360 3521 410 3571 par
427 3503 557 3570 hyemem
576 3501 624 3568 qui
642 3503 738 3556 utatur
758 3504 785 3555 P
802 3503 904 3557 Vinum
922 3505 1047 3565 familiae
1065 3526 1115 3577 per
1132 3509 1261 3578 hyemem
1279 3527 1296 3564 o

218 3591 339 3646 hiemem
357 3592 406 3644 Ab
425 3591 555 3658 hyemem
580 3590 623 3644 Vc
693 3592 778 3647 musti
798 3593 953 3661 quartarios
973 3595 997 3649 X
1015 3595 1045 3649 in
1064 3597 1167 3651 dolium
1193 3599 1262 3667 be
1275 3600 1402 3657 musti-

218 3731 375 3800 quartarios
391 3680 437 3802 ‚gl
452 3728 481 3784 in
500 3730 607 3788 dolium
625 3734 652 3787 A
680 3735 766 3790 musti
785 3735 912 3803 quatario
931 3737 957 3789 X
974 3738 1004 3792 in
1023 3738 1129 3793 dolium
1148 3757 1162 3793 c
1190 3742 1275 3796 musti
1295 3728 1387 3814 qua*

218 3819 360 3873 drantalia
382 3819 408 3872 X
432 3819 461 3873 in
485 3820 591 3874 dolium
614 3823 765 3877 Iucundos.
805 3823 907 3878 ‘Musti
931 3826 1127 3893 quadrantalia
1144 3828 1177 3881 X.
1214 3829 1253 3884 Ia
1276 3847 1398 3889 manco

148 3934 159 3955 a
217 3908 328 3976 scriptis
352 3908 465 3979 {aqimus
485 3909 661 3979 Quartarios:
688 3912 738 3966 abt
760 3918 842 3967 autea
859 3915 952 3968 multia
975 3916 1006 3967 ia
1032 3917 1109 3981 locta,
1141 3917 1380 3986 Quadrantalia:

106 4073 109 4078 .
217 3997 372 4070 iauoptc'mo
396 4000 545 4068 eacmplan'
571 4006 679 4055 tontum
702 4007 740 4055 cat
762 4003 857 4070 prima
879 4004 938 4056 eiua
960 4005 1079 4059 comiato
1103 4006 1198 4060 litera'
1223 4006 1384 4066 Victorias,-

272 4092 303 4140 12
324 4088 397 4142 aceti
411 4089 482 4142 acris
498 4107 522 4156 q.
538 4090 564 4142 II
577 4088 662 4143 VAR
680 4091 752 4144 aceti
770 4090 842 4144 acris
863 4093 1058 4162 quadrantalia
1067 4094 1212 4150 Iucundos
1276 4116 1371 4168 sapae

218 4176 415 4244 quadrantalia
433 4177 458 4229 II
480 4178 559 4231 PAb
583 4195 666 4248 sapae
686 4179 883 4246 quadrantalia
901 4182 955 4236 duo
975 4183 1026 4251 afa
1116 4201 1204 4253 aquae
1223 4185 1315 4242 dulcis
1336 4208 1363 4257 q.

217 4262 314 4315 LPA
334 4265 370 4316 bc
388 4280 477 4330 aquae
496 4264 586 4319 dulcis
604 4284 630 4334 q.
650 4266 662 4318 Ι
680 4269 713 4335 fo
786 4273 820 4321 14
839 4271 974 4325 sextarios
993 4271 1053 4325 AB
1072 4271 1203 4327 aerarios
1227 4273 1255 4326 V
1329 4283 1364 4332 15

218 4349 345 4418 inponito
365 4352 391 4405 A
417 4352 527 4420 iponito
549 4354 577 4406 P
603 4356 739 4424 imponito
758 4357 786 4410 R
804 4355 928 4413 inditoo
1036 4361 1153 4416 oblinito
1172 4363 1237 4430 post
1255 4364 1317 4420 dies
1336 4367 1387 4419 X·

219 4438 389 4497 Gronovius:
408 4443 471 4512 post
489 4458 539 4496 om.
562 4442 651 4501 VAR
