3000 5026
392 338 522 395 RERVM
539 337 778 395 RVSTICARVM
796 340 864 394 LIB.
883 340 896 392 Ι
915 331 1035 396 55-57
1229 335 1293 401 193

152 525 220 568 aura
245 507 344 567 umida
363 525 399 566 cx
418 508 595 585 propinquis
614 506 687 567 locis
706 507 845 586 adspiret.
892 508 1020 585 parietes
1040 516 1069 567 et
1088 505 1183 566 solum
1203 522 1293 583 opere

151 616 275 674 tectorio
302 622 480 674 marmorato
504 612 661 694 loricaud13
689 615 715 673 si
738 616 846 687 minus,
870 632 904 673 ex
928 613 1028 691 argilla
1053 615 1143 673 mixta
1167 629 1252 671 acere
1277 630 1293 671 e

152 718 298 780 frumento
326 728 356 780 et
384 738 517 800 amurca,
546 721 623 799 qnod
653 739 768 780 murem
797 727 827 780 et
854 738 983 780 vermem
1007 738 1066 779 non
1090 722 1201 798 patitur
1226 736 1291 778 esse

152 831 180 884 et
200 845 291 904 grana
316 828 385 887 lacit
409 827 548 887 solidiora
573 845 606 886 ac
630 828 769 887 firmiora.
817 827 935 904 quidam
954 828 1053 904 ipsum
1071 828 1204 887 triticum
1224 843 1292 885 con·

76 952 124 998 5
154 941 301 1013 spargunt,
324 951 391 993 cum
415 934 523 995 addant
546 937 577 994 in
601 936 721 994 circiter
744 932 824 992 mille
847 934 979 993 modium
1003 933 1176 1012 quadrantal
1196 950 1291 992 amur-

154 1054 206 1099 cae.
258 1040 329 1099 item
364 1040 439 1100 alins
471 1041 544 1101 aliut
576 1040 682 1100 adfriat
715 1048 766 1100 ant
793 1041 934 1119 aspargit,
963 1048 997 1099 ut
1024 1039 1214 1103 chalcidicam
1241 1048 1292 1099 ant

152 1147 273 1205 caricam
304 1154 417 1206 cretam
448 1155 499 1208 ant
531 1146 725 1226 apsinthium,
757 1148 828 1206 item
857 1147 945 1206 huius
970 1147 1088 1224 generis
1111 1147 1176 1207 alia.
1222 1146 1315 1225 qui-2

149 1247 211 1311 dam
237 1254 372 1329 granaria
396 1251 505 1311 hahent
528 1251 584 1312 suh
608 1255 697 1313 terris
721 1253 890 1334 speluncas,
919 1271 991 1332 quas
1015 1262 1120 1312 vocant
1143 1256 1235 1333 sirus,
1258 1259 1292 1312 ut

135 1355 176 1416 in
200 1357 384 1436 Cappadocia
407 1377 441 1418 ac
464 1357 602 1439 Thracia3
630 1359 692 1438 alii,
721 1361 808 1419 utin
832 1359 972 1437 Hispania
996 1361 1148 1440 citeriore,
1175 1368 1290 1439 puteos,

51 1487 87 1528 ro
128 1470 175 1524 ut
206 1466 237 1524 in
266 1482 337 1542 agro
361 1465 596 1542 Carthaginiensi
624 1473 654 1525 et
676 1465 809 1527 Oscensi.
854 1465 962 1526 horum
987 1465 1082 1525 solnm
1106 1465 1197 1544 paleis
1222 1465 1290 1525 suh·

216 1696 232 1744 2
252 1707 287 1744 ex
305 1689 407 1760 argilla
425 1689 560 1744 Priscian.
580 1692 597 1744 l.
623 1691 649 1744 V
662 1708 690 1759 p.
709 1696 807 1759 163‚1

237 1910 250 1956 1
281 1903 396 1957 humida
423 1903 513 1958 VAB
604 1920 637 1956 ex
664 1904 829 1974 propinquis
854 1904 912 1958 PB
937 1878 967 1958 {i
988 1902 1153 1972 propinquis
1176 1902 1216 1970 A,
1245 1905 1291 1958 sed

76 2009 146 2046 ex
177 1994 406 2062 superscriptam
419 1991 469 2058 Αἵ,
488 1993 517 2047 et
531 2010 564 2046 ex
578 1993 741 2061 propinquis
757 2011 783 2047 m
802 2011 816 2048 e
835 1993 1029 2063 propinquiso
1101 1999 1171 2046 tex
1189 1991 1291 2062 argilla

68 2080 233 2136 mixto
260 2097 344 2150 agere
370 2084 449 2149 (corr.
474 2098 554 2136 acere
577 2081 630 2151 Aa)
660 2083 748 2137 VAB
771 2081 900 2152 argillam
924 2080 1040 2136 mixtam
1065 2098 1145 2136 acore
1168 2082 1290 2136 Priscia-

63 2183 185 2223 nus
221 2173 238 2225 i.
268 2171 341 2239 Vp.
367 2174 434 2236 163,
457 2175 473 2224 1
582 2177 598 2223 3
622 2186 736 2225 nermen
758 2172 817 2225 Am
924 2176 941 2223 4
964 2173 1154 2240 conspergunt
1175 2188 1201 2224 m
1225 2185 1289 2223 con·

60 2279 279 2346 spargant
301 2278 330 2331 B
353 2255 551 2346 cumspargint
574 2277 615 2345 A,
639 2281 686 2332 sed
704 2297 720 2330 v
744 2279 957 2347 superscriptam
980 2277 1028 2345 Αἱ
1052 2279 1239 2347 conspergant
1263 2276 1291 2329 P

58 2367 335 2436 conspergunt
369 2364 567 2430 v.‘Quidam
602 2367 694 2436 ipsum
731 2367 855 2421 triticum
892 2369 1086 2437 conspergunt.
1143 2366 1288 2421 Goasaeta-

55 2447 236 2509 dinem
261 2460 416 2510 rostrorum
443 2460 591 2524 temporam
619 2457 651 2510 ia
677 2458 729 2512 hac
755 2475 785 2511 re
815 2458 953 2511 castodim'
968 2499 973 2510 .
988 2456 1077 2510 Nolai
1099 2461 1190 2511 tantem
1211 2473 1289 2525 prae·

54 2535 226 2597 terire
259 2545 329 2612 qaia
364 2549 479 2598 aeteram
513 2545 740 2615 orthographiam
776 2550 868 2600 aotam
903 2547 1043 2612 facerem:
1063 2545 1120 2599 Hic
1156 2547 1227 2599 emim
1258 2546 1289 2599 im

54 2629 245 2687 optimo
270 2633 433 2700 eaemplari,
459 2631 665 2702 Conspargant:
689 2640 714 2688 et
736 2651 792 2688 moa
814 2636 898 2689 matta
912 2640 976 2703 post
995 2636 1141 2702 Aspargit,
1165 2636 1290 2688 amathas

55 2706 259 2790 denique
282 2721 314 2775 ire
337 2721 403 2775 iocis
425 2722 475 2775 abi
497 2723 546 2776 hoc
568 2723 752 2790 aerhamest,
775 2724 851 2791 apud
875 2723 1038 2789 Varronem,
1063 2722 1241 2792 Catonemque
1258 2725 1290 2778 ia

57 2807 344 2877 compositione,
363 2811 474 2866 eamdem
492 2811 613 2865 aocalem
627 2811 749 2877 primam
768 2812 886 2864 litteram
905 2812 991 2876 hahet,
1010 2828 1091 2879 qaam
1109 2813 1240 2880 simplea;
1258 2817 1290 2865 at

59 2883 104 2934 ⁸5
146 2910 192 2946 α
226 2899 332 2968 Quaero
352 2899 507 2969 Disqaaero
525 2899 628 2966 dapes:
649 2899 721 2966 qaod
738 2900 916 2951 uetustissimi
933 2900 1014 2951 etiam
1028 2905 1124 2968 poetae
1142 2901 1290 2966 protulisse

63 2969 283 3043 dicuutur.
322 2986 408 3056 Apud
428 2987 555 3042 Oatoaem
580 2987 661 3040 etiam
684 2987 716 3039 ia
734 2985 856 3054 Decerpo
880 2987 911 3041 id
933 2992 1071 3041 seruatam
1095 2992 1132 3041 est
1155 2989 1203 3041 illo
1222 2989 1288 3053 loce,

69 3054 140 3123 [0-
168 3077 268 3146 112]
286 3074 354 3129 Tam
369 3077 452 3130 aciae
461 3077 493 3130 de
502 3076 567 3129 arcis
576 3076 701 3128 miseritis
711 3075 856 3143 decerpite.
876 3076 1289 3143 Potaiseemimtaitislocishoc

73 3150 278 3218 adnotare
292 3187 299 3218 z
313 3167 391 3219 semel
414 3171 503 3220 tamea
525 3165 587 3230 hoc,
610 3165 642 3217 ia
670 3165 717 3218 ilio
732 3170 863 3234 perpetuo
882 3167 1057 3231 custoditam,
1079 3166 1204 3219 iudicare
1222 3166 1290 3219 satis

77 3229 240 3327 imbue*
273 3253 410 3308 Victorias
464 3253 529 3307 5in
547 3251 658 3307 circiter
675 3254 754 3307 mille
768 3253 891 3308 modium
905 3253 965 3308 AB
984 3254 1123 3308 Victorias
1136 3254 1166 3307 in
1179 3254 1290 3309 circiter

83 3333 133 3377 ²¹²
174 3341 274 3396 mille
298 3341 422 3396 modium
443 3343 471 3395 P
493 3341 604 3396 circiter
626 3339 657 3393 in
674 3340 711 3396 M.
736 3343 843 3397 modios
866 3360 882 3396 a
954 3342 1122 3410 quadrantal
1141 3344 1289 3397 Iacaadas

92 3422 300 3484 quadrante
321 3430 379 3483 PA
398 3430 552 3502 quadrante
571 3430 599 3484 B
617 3431 801 3498 quadrantem
815 3432 907 3486 A²mv
962 3439 977 3486 6
997 3431 1069 3486 alius
1089 3432 1160 3486 aliut
1173 3433 1201 3486 P
1217 3431 1289 3485 alius

97 3497 220 3572 aliud
239 3518 321 3573 Aac
394 3519 497 3574 taam
518 3519 575 3572 Pa
596 3518 716 3574 sarraca
733 3520 761 3573 a
780 3518 898 3575 antaee
971 3524 1021 3575 aur
1040 3520 1165 3590 espasge
1184 3524 1215 3574 ut
1229 3520 1288 3573 aa

104 3597 180 3650 aut,
207 3609 340 3677 aspargit
358 3608 433 3675 quod
452 3610 483 3661 ut
497 3607 526 3661 P
541 3610 590 3662 aut
608 3608 637 3661 id
657 3607 782 3677 aspergit
801 3610 876 3677 quod
894 3612 955 3664 uta
1028 3609 1212 3664 chalcidicam
1233 3608 1288 3660 VB

110 3679 308 3751 ealcidicum
331 3697 390 3752 Am
467 3702 482 3750 ‘l
508 3700 613 3750 cretam
636 3701 685 3752 aut
703 3697 762 3750 AB
786 3701 891 3752 cretam
916 3715 948 3754 ac
972 3700 998 3753 V
1067 3698 1246 3753 absenthinm
1264 3696 1293 3750 P
1382 3736 1384 3740 -

116 3774 323 3839 accentuum
343 3785 371 3840 A
388 3785 546 3854 apsentium
561 3786 589 3839 B
608 3785 759 3840 absintium
778 3803 805 3840 m
824 3788 1001 3854 absynthium
1019 3805 1035 3842 o
1109 3794 1125 3841 8
1144 3788 1214 3842 sirus
1228 3786 1289 3841 AB

10 3882 37 3909 ³³·
120 3862 221 3926 ΕἨοε
253 3873 294 3928 V.
311 3873 397 3939 ‘Quas
429 3876 530 3927 uocant
557 3874 635 3928 siros.
681 3876 731 3928 Ita
757 3876 929 3929 scribendam
956 3878 1005 3931 hoc
1031 3893 1140 3942 mamea,
1172 3877 1244 3944 qaod
1272 3893 1290 3928 a

10 3966 22 4002 ⁵·
124 3937 294 4018 00tametta
314 3963 395 4016 etiam
413 3967 580 4030 aaarpatar,
603 3968 628 4017 et
646 3981 712 4017 sarie
730 3964 761 4017 ire
779 3965 962 4018 uetustissimo
981 3966 1051 4018 libro
1068 3970 1137 4019 recte
1156 3965 1289 4030 scriptam

10 4089 32 4116 4
126 4040 189 4095 επὶ
216 4053 250 4107 im
272 4052 380 4107 excusis
403 4057 484 4105 antea
506 4052 616 4121 ppsiloa
637 4053 753 4107 hahebat
777 4054 808 4106 ire
823 4053 917 4120 prima
935 4052 1053 4122 spilaha’
1081 4052 1218 4104 Victorias

28 4205 34 4225 a
69 4250 73 4261 Ι
128 4157 168 4210 ¹¹¹⁵
184 4165 218 4226 in
228 4178 322 4246 primo
336 4177 393 4231 ioco
407 4175 494 4230 omA
548 4175 751 4245 tcappadocia
766 4194 799 4230 ac
813 4174 942 4230 thrachia
955 4175 1013 4229 PB
1028 4140 1205 4245 cappadociti1
1207 4149 1287 4245 iecora

24 4303 31 4336 ,
130 4265 170 4285 ⁸
190 4261 247 4335 cia)
269 4265 380 4318 trachia
393 4264 420 4317 A
440 4264 611 4332 cappadocia
625 4267 674 4318 aut
689 4266 828 4319 thraciae
899 4267 1014 4332 sortasse
1033 4264 1082 4318 alii
1100 4267 1199 4334 puteos
1213 4266 1246 4320 ut
1258 4264 1289 4320 in

76 4376 80 4385 ·
131 4322 280 4430 HJtapania
294 4351 422 4409 citeriore
436 4351 464 4405 in
479 4368 546 4423 agro
618 4354 647 4407 in
667 4354 766 4421 spania
779 4355 806 4406 A
880 4359 913 4407 10
933 4354 1147 4424 carthaginiensi
1164 4357 1289 4411 Pcarta-

132 4429 254 4497 g¹¹¹t³1rsi
271 4441 300 4495 A
319 4439 527 4510 carthaginensi
545 4442 594 4496 Ba

1024 4532 1075 4564 an*
