3000 5026
329 326 335 339 '
360 351 489 408 ananan
507 351 744 415 nvsnonnvu
763 351 830 409 nra.
848 351 889 404 nr
909 347 1027 404 1o-11
1209 349 1271 415 297

128 526 299 581 consectum
327 521 494 581 minutatim
524 536 559 580 ex
588 538 664 599 aqua
687 521 717 581 in
742 537 792 580 vas
816 519 943 600 aliquod.
990 538 1057 581 cum
1081 526 1180 580 autem
1203 526 1274 579 stant

128 627 235 688 inclusi
261 629 293 688 ia
320 627 408 687 haras
431 635 482 688 ant
505 627 675 707 speluncas,
703 627 833 707 uldini,
862 629 972 707 viceni,
1003 627 1138 688 obiciunt
1160 627 1199 686 iis
1221 643 1272 704 po·

128 734 236 794 lentam
266 733 459 794 hordeaceam
493 742 544 794 aut
576 735 754 813 farraginem
787 733 944 794 herbamve
978 742 1111 794 teneram
1145 732 1273 811 aliquam

128 843 284 902 concisam.
317 841 352 900 ad
377 842 570 920 saginandum
594 841 707 920 eligunt
730 840 826 920 pullos
850 843 970 901 circiter
994 842 1197 920 sesquimense
1217 839 1298 918 quil

107 955 196 1010 esunt
228 954 315 1008 natu:
346 964 397 1007 cos
430 947 587 1008 includunt
614 949 645 1008 in
674 949 821 1026 saginario
849 947 951 1028 ibique
979 948 1128 1028 polentam
1157 954 1186 1007 et
1212 945 1272 1025 pcl-

130 1055 215 1116 linem
240 1073 315 1134 aqna
340 1054 501 1114 madefacta
525 1054 596 1115 dant
615 1054 723 1135 cibum,
747 1057 786 1115 ita
806 1063 839 1116 ut
860 1064 905 1116 ter
924 1056 971 1116 die
991 1064 1134 1117 saturent.
1168 1073 1272 1116 secun·

130 1163 196 1223 dum
215 1142 321 1222 'cibum
344 1161 424 1239 large
449 1169 482 1222 ut
505 1161 607 1222 bibant
626 1163 737 1223 iaciunt
756 1169 941 1242 potestatem.
975 1165 1017 1224 sic
1037 1165 1132 1224 curati
1152 1165 1273 1223 circiter

130 1269 243 1330 dachus
280 1267 433 1329 mensibus
474 1269 550 1328 liunt
581 1271 715 1348 pingues,
771 1272 1037 1349 quotienscumque
1071 1280 1273 1350 sumpserunt,

129 1374 208 1437 locus
233 1375 308 1436 solet
331 1377 460 1457 purgari,
485 1375 563 1455 quod
587 1378 668 1454 ipsae
692 1387 791 1438 amant
814 1378 911 1438 locum
937 1396 1046 1456 patruum
1069 1395 1168 1456 neque
1192 1378 1273 1454 ipsae

77 1496 119 1535 1⁰
131 1482 234 1558 ullum,
258 1482 310 1543 ubi
334 1483 469 1564 luerunt,
493 1483 642 1544 relincunt
666 1503 784 1564 purum.

214 1588 286 1681 Q
309 1597 408 1676 alitem
442 1589 546 1677 vplqnt
577 1609 682 1677 greges
714 1593 843 1685 anat'mm
876 1592 986 1683 hal->ere
1019 1611 1052 1654 ac
1085 1594 1267 1653 constituere
1287 1601 1328 1662 xl

127 1697 370 1777 nessotrophion,
398 1699 527 1776 primum
555 1697 666 1778 locum,
696 1701 765 1778 quoi
790 1707 835 1760 est
858 1699 995 1781 facultas,
1023 1700 1133 1780 eligens
1157 1706 1275 1777 oportet

122 1805 303 1889 palustgem,
333 1804 411 1882 quod
440 1822 475 1864 eo
503 1806 629 1865 inanime
653 1804 853 1887 delectantur3
882 1809 908 1867 si
931 1807 960 1867 id
985 1825 1057 1888 non,
1086 1808 1274 1886 potissimum

119 1911 176 1994 ibi,
196 1911 248 1973 ubi
267 1913 307 1972 sit
326 1911 468 1972 naturalis
488 1920 538 1972 aut
557 1910 638 1972 lacus
658 1921 708 1972 aut
728 1921 863 1991 stagnum
884 1921 935 1974 aut
954 1933 1042 1974 manu
1060 1915 1136 1975 lacta
1151 1915 1273 1994 piscina,

82 2027 102 2068 1⁵
117 2036 184 2098 quo
212 2019 357 2098 gradatim
386 2019 566 2080 descendere
594 2021 718 2098 possint.
764 2027 898 2098 saeptum
927 2019 1017 2080 ultum
1046 2039 1112 2081 esse
1140 2028 1298 2100 oportet,2

112 2125 178 2186 rabi
211 2134 381 2206 versentur,
414 2126 449 2186 ad
481 2125 572 2204 pedes
601 2125 783 2205 quindecim,
816 2136 849 2186 ut
880 2127 1008 2187 vidistis
1025 2127 1060 2187 ad
1088 2127 1186 2187 villam
1215 2126 1273 2207 Sei,

108 2233 206 2313 quod
240 2251 300 2294 uno
333 2235 409 2294 ostio
443 2232 604 2294 claudatur.
656 2233 769 2293 circum
797 2239 892 2294 totum
921 2237 1064 2314 parietem
1092 2235 1274 2294 intrinsecus

104 2339 347 2422 crepidulum,
375 2342 407 2401 in
431 2359 488 2419 qua
512 2340 676 2401 secundum
700 2343 843 2420 parietem
868 2349 937 2402 sunt
960 2340 1037 2402 tecla
1061 2340 1182 2402 cubilia:
1207 2348 1275 2400 ante
1329 2344 1333 2351 '

201 2591 232 2638 11
252 2584 307 2651 Qui
325 2586 420 2639 autem
438 2582 537 2638 volunt
555 2598 656 2652 greges
675 2581 800 2638 analium
819 2584 923 2639 habere
944 2583 1045 2639 Colum.
1068 2584 1149 2638 VIII
1168 2588 1203 2640 15

201 2823 216 2870 2
245 2817 275 2871 in
302 2818 385 2870 haras
413 2817 462 2869 aut
490 2814 637 2882 speluncas
667 2814 693 2866 V
718 2812 748 2866 in
776 2815 859 2867 haras
888 2832 924 2867 aa
950 2816 1097 2883 speluncas
1120 2816 1148 2870 A
1165 2784 1275 2871 inharas

77 2907 181 2959 aut
201 2904 348 2975 speluncas
371 2905 398 2956 B
470 2904 513 2974 ut]
537 2903 566 2956 ui
585 2905 612 2956 A
635 2919 703 2958 coru.
722 2904 758 2983 ,uls
782 2901 822 2954 A²
894 2901 997 2972 viceni]
1022 2902 1110 2956 uicini
1131 2904 1222 2958 PAB
1245 2906 1273 2958 in

76 3005 256 3066 cibumv
329 3010 466 3066 obiiciunt
489 3011 515 3063 V
584 3009 618 3063 aa
643 3009 701 3062 Pa
724 2985 759 3063 al
777 3010 804 3063 A
826 3009 904 3062 aial
977 3007 1228 3079 aaaaoraeueam
1246 3010 1274 3065 A

201 3107 218 3154 4
238 3099 432 3169 saginamdum
451 3097 479 3151 A
549 3099 665 3165 fortusse
689 3097 798 3152 circiter
821 3096 1038 3166 sesquimensam
1062 3098 1109 3167 qui
1133 3101 1197 3152 sunl
1214 3099 1275 3153 nali

202 3189 387 3257 sesquimense
406 3189 467 3242 AB
490 3186 683 3256 sesquimense
701 3187 730 3240 P
745 3187 982 3255 sesquimenseso
1055 3191 1070 3240 5
1094 3188 1160 3247 natu
1183 3187 1275 3241 PAB

77 3276 223 3331 nativ
294 3277 440 3332 includant
459 3278 484 3330 A
559 3275 757 3330 amadefacu
776 3274 868 3329 PAB
890 3273 1111 3329 madefactamo
1184 3276 1276 3330 itaut

79 3424 182 3477 Per
206 3419 265 3474 dies
293 3422 419 3474 saturent
447 3421 504 3475 VB
526 3369 808 3488 ultperdemalurent
836 3419 916 3486 (corr.
945 3449 977 3456 —
1007 3418 1056 3472 des
1084 3419 1219 3486 saturent)
1248 3417 1276 3471 A

82 3499 140 3550 ¹1¹3
185 3506 224 3564 ila
247 3525 305 3580 per.
330 3510 356 3564 d.
381 3510 440 3564 dies
464 3512 639 3564 saturandus
662 3506 705 3561 ita
726 3507 758 3560 ut
781 3509 824 3561 lea
843 3506 888 3560 die
908 3524 938 3561 se
957 3509 1083 3561 saturent
1106 3507 1224 3561 Urac'uus
1242 3523 1275 3561 eu

86 3582 277 3652 Uoluseno
300 3597 387 3651 VIII
405 3603 503 3666 14,10
588 3603 604 3650 8
627 3597 865 3665 quotienscunque
888 3595 943 3649 VB
1029 3603 1044 3650 9
1066 3596 1143 3665 ipsae
1162 3602 1276 3664 utroque

88 3675 189 3740 3⁰00
211 3686 299 3741 VAB
321 3686 377 3756 ipsi
396 3687 547 3742 Iucuudua.
587 3685 679 3751 ‘Quod
703 3684 759 3754 ipsi
782 3686 886 3739 amant.
923 3685 964 3740 Ec
982 3686 1039 3751 luc,
1070 3691 1095 3739 cl
1109 3687 1197 3753 poulo
1212 3689 1276 3754 poci

90 3763 242 3845 iterum,
270 3777 397 3830 muliebri
423 3792 517 3844 peuere
544 3777 575 3829 iu
599 3776 720 3844 outhula
743 3775 823 3828 libris
846 3773 962 3828 Auserca
986 3775 1161 3843 appellantur
1179 3797 1188 3828 :
1205 3775 1276 3828 11111

93 3855 221 3918 lamen
237 3865 355 3919 uorloui
369 3885 376 3918 ε
390 3881 456 3918 uam
473 3879 569 3931 supro,
588 3881 648 3919 cum
666 3865 699 3919 de
717 3864 774 3917 illia
793 3879 871 3932 opere
885 3864 980 3931 occult,
998 3864 1030 3917 iu
1043 3864 1140 3917 iisdem
1154 3863 1276 3932 anitquis

95 3934 210 4008 libna
231 3954 313 4008 ulrilc'
335 3970 429 4022 pauore
447 3953 593 4007 uocoulur’
621 3953 757 4007 Victorius
830 3957 863 4006 10
886 3950 1027 4004 relincunt
1045 3951 1073 4004 P
1088 3952 1231 4021 relingunt
1248 3950 1276 4004 A

96 4027 292 4111 relinquunt
309 4043 357 4096 Bo

221 4136 253 4185 11
284 4131 338 4198 Qui
361 4132 456 4184 aulem
479 4131 589 4201 volunt]
614 4129 655 4184 De
679 4129 806 4184 cantibus
830 4130 862 4181 lu
883 4129 1007 4196 morplue
1029 4128 1142 4182 rubruc
1160 4127 1188 4182 A

100 4219 257 4276 analium
275 4221 364 4275 PAB
383 4220 498 4274 anatum
516 4237 562 4274 ouo
637 4226 669 4273 12
688 4216 921 4288 nessolhrophion
941 4218 968 4271 B
1041 4217 1120 4287 quoi]
1140 4217 1188 4284 qui
1207 4233 1275 4272 corr.

102 4301 178 4358 0¹¹1
192 4310 218 4363 A
237 4310 285 4380 qui
301 4310 358 4364 PB
377 4309 469 4376 quise
529 4313 561 4362 15
582 4311 692 4378 septum
710 4308 737 4362 V
793 4314 825 4361 16
844 4307 942 4361 uillam
958 4304 1005 4360 Sei
1019 4307 1164 4361 Iucundos
1177 4307 1276 4361 uillam

104 4379 163 4440 ⁰st
193 4399 275 4454 VAB
365 4406 397 4453 17
420 4398 492 4454 ostio
516 4399 543 4452 V
557 4397 651 4454 hostio
670 4399 730 4452 AB
820 4396 985 4452 claudantur
1003 4398 1062 4452 Auo
1153 4399 1186 4450 18
1204 4395 1275 4468 lata]

105 4469 253 4543 1²1ch
325 4489 391 4542 sunl
408 4491 484 4543 lecta
508 4488 595 4544 VAB
614 4488 672 4542 sint
690 4488 766 4542 lecta
783 4504 810 4542 m
