3000 5026
159 319 225 383 268
651 319 837 374 VARRONIS

159 488 291 545 universi
323 485 439 564 populi,
470 484 519 544 illa
552 485 644 545 solius
677 494 743 564 tua;
775 485 847 544 haec
880 503 940 563 quo
970 485 1131 545 succedant
1159 505 1176 544 e
1205 504 1312 566 campo

160 594 241 652 cives
264 601 294 652 et
317 592 424 670 reliqui
449 591 594 670 homines,
618 591 666 651 illa
692 610 749 669 quo
773 610 867 669 equae
892 601 921 650 ct
945 593 1035 671 asini,
1062 599 1217 669 practerea
1241 612 1312 653 cum

160 699 196 758 ad
231 717 294 758 rem
326 698 474 777 publicam
503 698 764 758 administrandam
793 698 866 756 haec
894 700 933 758 sit
960 698 1056 776 utilis,
1087 698 1140 758 ubi
1169 699 1311 759 cohortes

161 806 198 865 ad
222 805 364 865 dilectum
388 805 504 865 consuli
527 805 671 864 adductae
695 805 865 885 considant,
888 804 941 864 ubi
963 824 1044 864 arma
1067 805 1236 885 ostendant,
1260 806 1312 865 ubi

136 916 307 973 5ceusores
334 931 427 972 ceusu
455 913 611 972 admittant
638 911 789 991 populum.
839 911 863 970 T
867 930 902 971 ua
930 911 1057 990 scilicet,
1084 914 1182 990 inquit
1210 914 1312 1004 ΑΨ,
1338 923 1351 963 ⁵

160 1019 233 1079 lsaec
257 1021 287 1078 in
311 1038 414 1097 campo
439 1018 543 1079 llartio
568 1026 700 1078 extremo
725 1018 807 1078 utilis
830 1026 861 1078 et
882 1037 940 1078 nou
965 1017 1080 1078 deliciis
1104 1023 1312 1097 sumptuosior

160 1145 249 1205 quiam
278 1144 380 1186 omnes
408 1128 540 1186 omnium
568 1128 722 1185 universae
753 1122 915 1185 Reatinae?
962 1135 1012 1185 tua
1040 1128 1119 1185 enim
1151 1126 1243 1187 oblita
1266 1136 1313 1188 est

162 1232 270 1293 tabulis
293 1235 381 1311 pictis
406 1252 460 1293 nec
484 1235 582 1292 minus
605 1235 712 1313 signis,
736 1241 766 1292 at
789 1251 864 1312 mea,
887 1234 1044 1308 vestigium
1063 1232 1175 1293 ubisit
1195 1234 1311 1295 nullum

161 1340 283 1419 Lysippi
306 1348 357 1399 ant
376 1338 527 1418 Antiphili,
550 1347 580 1399 at
604 1338 709 1399 crebra
732 1341 857 1398 sartoris
880 1346 910 1397 et
932 1341 1068 1416 pastoris.
1101 1350 1132 1400 et
1155 1360 1226 1401 cum
1246 1341 1312 1401 villa

163 1466 222 1506 uon
251 1448 289 1505 sit
318 1447 383 1505 sine
407 1446 499 1506 lundo
522 1464 641 1526 magno,
672 1454 701 1505 et
725 1465 759 1506 eo
782 1445 874 1523 polito
898 1444 1028 1524 cultura,
1057 1454 1107 1507 tua
1131 1450 1189 1508 ista
1214 1467 1312 1527 usque
1326 1456 1349 1494 ¹⁰

138 1557 270 1632 flagrum
304 1552 393 1612 habet
419 1551 511 1612 ullum
540 1571 595 1612 nec
622 1552 727 1611 bovem
755 1571 811 1612 nec
839 1571 953 1631 equam.
1004 1553 1133 1632 denique
1162 1556 1235 1633 quid
1263 1564 1312 1616 tua

163 1661 252 1721 habet
280 1659 375 1719 simile
403 1658 487 1718 villae
515 1657 610 1737 illius,
639 1676 726 1737 quam
755 1667 825 1718 tuus
854 1678 924 1719 avos
951 1678 985 1720 ac
1014 1678 1140 1738 proavos
1164 1661 1312 1724 babebat?

165 1786 220 1827 nec
244 1769 332 1845 enim,
355 1772 388 1825 nt
411 1764 469 1843 illa,
494 1766 643 1826 faenisicia
668 1765 741 1826 vidit
760 1765 841 1825 acida
861 1768 891 1824 in
910 1765 1041 1826 tabulato
1061 1786 1114 1827 nec
1134 1767 1312 1828 vindemiam

237 1964 250 2010 1
275 1973 290 2011 e
314 1972 413 2024 campo
438 1955 494 2010 VB
518 1957 548 2009 et
569 1972 669 2024 campo
688 1954 748 2008 Am
823 1961 840 2008 2
863 1955 1003 2027 homines]
1033 1973 1129 2012 omnes
1152 1957 1244 2011 VAB

164 2051 194 2101 et
211 2045 282 2101 asini
307 2046 332 2098 V
354 2048 384 2099 et
401 2045 456 2099 sini
476 2044 534 2097 AB
607 2051 623 2098 3
647 2045 761 2098 adrem
780 2044 923 2112 pubiicum
948 2045 1006 2099 VB
1024 2045 1060 2099 ad
1078 2062 1200 2115 remp.
1219 2047 1249 2099 A

164 2137 294 2190 cohortes
318 2133 373 2187 VB
393 2133 503 2187 chortes
519 2133 545 2186 A
603 2133 792 2186 ammittant
811 2132 867 2184 VA
886 2133 1050 2188 ammittant
1063 2134 1091 2188 B
1143 2138 1197 2189 tua
1215 2133 1313 2202 inquid

165 2224 274 2278 scilicet
287 2222 393 2277 Anxius
407 2222 436 2275 P
447 2224 496 2275 lna
510 2219 606 2290 inquid
621 2220 715 2276 silicet
728 2219 827 2274 anxius
842 2220 869 2274 A
884 2223 935 2275 lua
948 2221 1041 2290 iuquit
1054 2223 1163 2278 scilicet
1177 2224 1278 2278 auxius
1287 2225 1313 2278 Β

164 2317 215 2368 tua
232 2312 326 2380 inquit
344 2311 423 2365 axius
440 2328 468 2364 m
486 2312 536 2364 lua
554 2310 648 2379 inquit
666 2328 687 2363 s
705 2311 793 2364 Axius
811 2328 835 2365 u.
875 2309 945 2366 ‘Tun
962 2311 1056 2379 inquil
1072 2313 1144 2368 haec
1161 2313 1193 2367 in
1212 2331 1312 2381 campo

167 2402 277 2456 Martio.
319 2400 358 2454 Io
381 2401 487 2454 excusis
510 2405 605 2453 cotem
626 2399 689 2452 Tua
712 2401 804 2468 iosquit
826 2400 926 2456 Axius
962 2403 994 2456 id
1015 2418 1112 2456 nomeu
1134 2406 1315 2460 sustollentes:

166 2522 200 2531 -
219 2490 348 2544 Scholion
366 2489 504 2557 quondam
522 2489 594 2541 diod
611 2488 705 2554 fuisse,
724 2505 757 2541 ex
776 2490 876 2557 optimo
890 2492 1040 2560 exemplari
1053 2493 1178 2563 copnosci
1192 2496 1315 2562 apertius

162 2585 250 2649 poteo
263 2599 272 2630 .·
285 2578 326 2631 sic
344 2578 415 2631 enim
433 2577 540 2641 initio,
558 2574 619 2630 Tua
636 2576 744 2646 inquid,
764 2576 874 2633 scilicet
887 2579 1002 2648 Anxius,
1021 2579 1091 2634 haec
1110 2583 1163 2636 cte.
1203 2584 1245 2637 In
1262 2600 1314 2653 quo

166 2671 215 2724 hoc
233 2668 314 2722 ctiam
333 2666 615 2732 animaduertendum,
633 2683 709 2720 owse
723 2666 817 2721 Axios
830 2668 862 2721 in
876 2670 1069 2724 effusissimis
1084 2671 1171 2737 inieris,
1191 2674 1314 2741 quondo

167 2773 218 2827 pue
236 2755 350 2811 Aunios
373 2757 426 2824 lepi
439 2776 447 2807 :
461 2771 527 2808 nam
549 2756 650 2822 ethic,
673 2760 698 2809 et
717 2772 804 2826 supra
821 2756 942 2813 Anxius.
980 2759 1093 2813 Aeacius
1111 2762 1208 2830 Appio
1225 2764 1314 2818 aubri-

167 2847 243 2902 deos’
270 2845 409 2900 Victorius
471 2850 486 2898 6
506 2844 697 2913 sumptuosior
721 2844 777 2898 VB
797 2845 938 2915 suptnsior
955 2845 983 2900 A
1045 2853 1060 2900 7
1080 2849 1170 2902 omnis
1190 2853 1314 2905 omnium

167 2934 313 2991 uniuersae
329 2934 454 2988 reatinae
474 2933 582 2987 VAB.
596 2933 710 2988 ‘Omnes
724 2935 850 2989 omnium
863 2935 1007 2990 Reatinae.
1037 2937 1156 3006 Aliquae
1168 2939 1223 2994 hac
1234 2947 1315 3009 parte

166 3028 289 3082 maculae
311 3026 343 3079 io
365 3025 466 3093 optimo
489 3025 637 3092 exemplari
650 3045 659 3076 .·
672 3041 752 3093 mm,
778 3024 880 3080 Omnes
905 3026 1028 3080 omnium
1049 3028 1206 3082 uniuersae.
1243 3029 1315 3083 Reu-

167 3116 256 3181 linae‚
278 3130 421 3186 perperam
447 3114 480 3166 io
507 3113 569 3180 illo,
593 3130 626 3167 uc
656 3115 798 3168 mosellis
825 3116 892 3169 azias
906 3115 1024 3184 'lepitur'
1053 3115 1194 3170 Victorius
1265 3119 1320 3172 tua

168 3203 256 3274 euim]
279 3206 339 3257 tum
364 3202 438 3256 enim
466 3202 554 3256 VAB
626 3201 715 3256 oblita
738 3203 793 3273 est]
818 3202 924 3258 oblitae
945 3205 1003 3258 PB
1028 3205 1116 3259 oblite
1135 3204 1162 3258 A
1188 3205 1281 3261 oblitu
1298 3223 1318 3261 o

221 3297 238 3346 8
254 3293 290 3345 ad
304 3308 368 3346 mea
382 3293 443 3347 AB
457 3293 487 3346 at
500 3292 529 3346 in
544 3307 577 3346 ea
595 3290 622 3344 V
632 3292 662 3345 at
675 3307 768 3344 meam
782 3292 930 3347 Iucundos
984 3300 1000 3347 9
1014 3293 1119 3363 lisyppi
1129 3295 1164 3348 B.
1187 3295 1329 3365 ‘Lysippi

169 3384 217 3436 aut
241 3380 388 3451 Antiphili.
430 3382 467 3435 Et
489 3381 595 3436 crebra.
638 3379 730 3434 Aotea
752 3381 784 3434 in
806 3384 927 3449 cumeis,
950 3381 1011 3437 Aut
1032 3383 1176 3452 Antiphili
1198 3386 1323 3440 uidebis.

168 3471 198 3523 id
221 3470 333 3524 nubum
356 3471 388 3524 in
405 3471 483 3524 oolla
501 3471 615 3538 antiquo
634 3488 652 3524 a
670 3486 711 3524 me
728 3476 863 3539 repertum
881 3476 927 3525 est.
963 3488 1051 3541 suma
1069 3474 1150 3527 etiam
1169 3474 1202 3527 in
1219 3476 1332 3530 iisdem

168 3557 241 3626 Mea,
259 3576 316 3613 oon
331 3559 425 3613 Meum
439 3580 447 3612 z
461 3560 533 3627 quod
550 3560 614 3612 huic
631 3561 786 3628 scripturae
803 3561 953 3628 respondet.
991 3562 1032 3615 Iu
1048 3563 1149 3631 optimo
1163 3562 1336 3632 exempluri

168 3653 234 3701 uota
252 3649 290 3702 ud
307 3649 381 3702 hunc
399 3648 486 3702 locum
504 3648 633 3715 adposita
650 3654 726 3717 erat,
744 3666 777 3703 eu
795 3650 827 3703 de
845 3665 930 3704 causa
943 3656 1027 3718 poto,
1046 3653 1113 3721 quia
1131 3653 1333 3720 depromunt

168 3737 227 3790 illic
240 3751 338 3790 comeo
347 3737 509 3804 posterioris
523 3738 647 3804 artificis.
676 3737 750 3793 Ante
763 3738 852 3808 philu,
867 3740 939 3793 euim
948 3742 1081 3809 acceptum
1090 3741 1159 3795 erut’
1176 3741 1337 3797 Victorius

241 3827 306 3878 ante
334 3823 418 3894 philii
446 3827 474 3879 el
501 3827 599 3880 crebra
621 3827 684 3881 AB
711 3826 868 3897 autephylii
895 3830 924 3882 et
947 3828 1044 3884 crebra
1067 3830 1096 3883 P
1114 3831 1268 3900 autophyli
1290 3833 1336 3886 ab

170 3914 268 3968 crebra
291 3930 307 3969 o
329 3914 477 3984 Antiphyli
501 3915 611 3970 uidebis
636 3918 685 3971 sed
708 3917 835 3971 crebrum
857 3917 1003 3972 Iucundos
1079 3918 1196 3974 sartoris
1224 3920 1335 3976 PAR

169 4003 303 4058 satoriso
334 4044 340 4057 .
363 4022 425 4058 cum
444 4005 514 4059 uilla
532 4007 591 4060 Am
610 4013 702 4060 cumi
720 4007 771 4060 illa
794 4006 821 4060 V
837 4024 900 4060 cum
918 4005 970 4059 illa
987 4005 1015 4058 B
1070 4012 1100 4060 11
1120 4007 1210 4063 habet
1227 4011 1323 4065 ullum

169 4093 316 4149 Iucundos
333 4094 438 4149 habeat
455 4094 544 4149 ullum
564 4095 652 4148 VAB
725 4095 791 4163 quid
809 4096 859 4148 lna
876 4095 962 4149 habel
977 4094 1034 4147 PB
1052 4095 1120 4163 quid
1138 4099 1171 4150 tn
1186 4098 1310 4154 habeta

168 4182 236 4250 quid
254 4186 286 4237 tu
305 4184 390 4238 habes
408 4201 435 4238 m
454 4184 522 4252 quid
539 4188 589 4240 tua
608 4201 624 4240 o
682 4190 714 4237 12
734 4201 801 4238 auos
820 4201 853 4238 ao
871 4200 992 4253 proauos
1007 4184 1097 4237 PAB
1114 4203 1185 4241 auus
1206 4191 1237 4243 et
1255 4201 1310 4258 pto·

169 4287 268 4324 auuso
323 4272 447 4326 habebat
466 4273 608 4328 Vhabeul
621 4290 689 4328 corr.
705 4273 828 4327 habebat
841 4274 868 4326 B
882 4274 987 4327 habeat
1000 4274 1028 4326 A
1083 4279 1115 4326 13
1132 4275 1186 4330 hec
1201 4278 1276 4331 enim
1289 4275 1345 4329 aL

170 4359 240 4412 haec
259 4360 333 4412 enim
358 4360 414 4414 VB
432 4376 484 4413 uec
503 4361 578 4416 enim
597 4363 668 4418 haec
685 4363 833 4418 Iucomdus
904 4362 1074 4416 leuisiciaA
1092 4362 1241 4420 faenisicia
1262 4358 1355 4420 pff

241 4447 313 4501 uidit
331 4449 421 4504 PAB
438 4450 516 4505 uidet
533 4469 549 4506 v
