3000 5026
271 345 338 402 XVI
742 342 946 398 PRAEFATIO

362 512 407 571 Ex
435 509 611 589 apographis
640 511 818 588 scripturam
842 511 969 570 Parisini
998 508 1125 586 codiciS,
1155 525 1242 586 quem
1267 507 1293 565 Α
1320 506 1420 566 littera

274 619 448 697 significavi,
477 624 507 677 et
536 616 612 695 apud
637 616 777 677 Catonem
807 626 837 677 et
866 616 942 696 apud
967 615 1127 674 Varronem
1156 616 1196 674 ita
1221 613 1358 690 exhibui,
1388 621 1422 674 ut

274 725 360 805 nihil,
393 725 471 804 quod
505 724 625 803 quidem
657 726 776 802 antiqua
809 742 899 783 mauu
929 725 1073 801 scriptum
1102 730 1195 802 esset,
1229 724 1422 782 omitteretur

275 851 367 911 eaque
401 851 475 911 quae
504 849 520 890 a
547 840 647 890 vetere
674 830 796 890 librario
827 837 936 891 mutata
967 830 1011 889 vel
1036 829 1134 890 addita
1158 838 1259 890 essent
1282 836 1421 889 accurate

273 941 486 1000 indicarentur.
532 957 565 997 ea
594 957 668 1016 clarae
697 940 812 998 recenti
836 956 925 998 manu
950 946 1083 997 correcta
1108 936 1153 996 vel
1177 937 1326 1014 adscripta
1352 936 1424 995 suni

275 1046 384 1106 nullam
417 1048 623 1107 alletoritatem
652 1045 775 1126 habent,
808 1044 860 1105 sed
893 1047 1002 1124 partim
1036 1043 1084 1103 ad·
1104 1044 1276 1104 manifestos
1305 1044 1422 1121 priscae

274 1157 440 1235 scripturae
460 1169 578 1214 errores
598 1154 790 1232 corrigendos
809 1155 971 1232 pertinent,
995 1153 1101 1231 partim
1122 1151 1157 1211 ab
1177 1151 1285 1212 italicis
1304 1168 1423 1209 correc-

272 1261 387 1322 toribus
411 1270 531 1339 recepta
556 1268 633 1321 suut.
680 1278 771 1338 qtrare
796 1277 831 1319 ex
854 1258 901 1318 his
926 1258 1079 1338 quaedam,
1106 1276 1181 1336 quae
1206 1257 1316 1317 nullam
1340 1257 1421 1318 utili-

276 1377 365 1428 tatcm
389 1366 512 1446 habeut,
536 1368 635 1447 omisi3
658 1365 784 1444 plurima
809 1374 920 1446 tamen,
946 1372 979 1426 ut
1003 1365 1039 1424 de
1064 1365 1190 1424 lectione
1215 1363 1327 1424 codicis
1351 1346 1422 1423 con-

278 1482 383 1553 staret,
408 1493 442 1533 ex
462 1474 518 1533 hoc
538 1492 656 1553 quoque
679 1492 789 1552 genere
812 1473 947 1533 indicavi.

362 1581 405 1640 Ex
424 1580 555 1640 Mediceo
580 1580 682 1640 codice
705 1583 734 1640 in
755 1581 875 1640 Catonis
901 1579 977 1640 libro
1001 1599 1103 1660 pauca,
1127 1582 1157 1638 in
1177 1579 1317 1639 Varronis
1337 1577 1422 1638 libris

273 1687 373 1767 plura,
398 1705 473 1765 quae
497 1705 526 1746 m
549 1686 646 1746 littera
671 1688 833 1765 significata
857 1694 940 1766 sunt,
964 1687 1118 1764 adscripsi.
1164 1685 1298 1745 adnotavi
1323 1693 1423 1745 autem

274 1813 308 1855 ea
341 1796 479 1873 maxime,
512 1796 542 1853 in
576 1793 685 1873 quibus
713 1793 865 1854 Parisinus
895 1793 987 1854 codex
1016 1813 1031 1852 a
1060 1793 1244 1870 reliquorum
1273 1794 1424 1871 scriptura

274 1900 455 1962 dissentiens
479 1900 559 1960 hunc
583 1919 676 1960 unum
699 1899 789 1961 habet
807 1903 1052 1982 consentientem,
1076 1907 1109 1960 ut
1129 1917 1163 1958 eo
1183 1916 1331 1958 consensu
1353 1915 1422 1977 pro·

274 2007 396 2068 baretur
419 2007 546 2067 Parisini
570 2006 680 2067 codicis
704 2008 883 2086 scripturam
908 2026 943 2067 ex
968 2008 1135 2085 antiquiore
1160 2007 1241 2065 loute
1264 2006 1424 2083 repetitam
1487 2003 1490 2008 ’

276 2132 349 2175 esse.
396 2121 550 2193 praeterea
580 2113 736 2192 quaedam,
766 2132 841 2192 quae
865 2120 946 2175 recte
971 2113 1124 2173 emendata
1148 2115 1178 2172 in
1203 2112 1304 2172 codice
1329 2120 1424 2193 erant,

278 2220 477 2280 memorabilia
502 2238 568 2279 esse
591 2219 776 2280 videbantur.

364 2326 408 2385 Ex
438 2324 655 2387 recentioribus
680 2325 832 2386 codIoibus
855 2328 886 2385 in
910 2324 994 2386 libris
1021 2326 1159 2386 Varronis
1183 2325 1303 2386 adhibui
1328 2345 1424 2387 rrnrrm

276 2433 508 2494 Laurentianum
532 2432 665 2493 codicem
690 2429 741 2514 51,
760 2431 782 2492 4
805 2451 842 2492 ex
865 2435 929 2511 ipso
954 2433 1113 2513 archetypo
1133 2442 1270 2493 accurrate
1290 2433 1425 2513 descrip-

277 2548 353 2620 tum,
382 2541 468 2600 cuius
496 2541 699 2599 testimonium
727 2541 757 2598 in
781 2541 819 2611 iis
843 2542 930 2599 etiam
954 2540 1027 2600 locis
1052 2539 1230 2620 sufficiebat,
1259 2541 1288 2599 in
1313 2540 1439 2618 quihus'

277 2646 471 2707 dissentiente
491 2646 625 2706 Parisino
649 2645 725 2705 libro
750 2646 922 2707 aPolitiani
945 2649 1102 2728 excerptis,
1126 2649 1251 2706 maxime
1272 2654 1334 2707 tum
1354 2667 1424 2709 cum

278 2753 313 2813 ab
336 2752 386 2812 illo
410 2755 554 2833 principis
579 2753 717 2813 editionis
735 2753 823 2813 lectio
843 2763 954 2815 mutata
973 2773 1033 2814 non
1053 2761 1124 2834 erat,
1149 2752 1278 2813 dubitari
1296 2761 1425 2834 poterat,

278 2861 348 2940 quid
381 2879 397 2920 a
430 2859 574 2920 Politiano
606 2862 849 2938 praetermissum
884 2862 929 2921 vel
958 2864 1056 2922 minus
1084 2869 1222 2922 accurrate
1251 2859 1425 2942 indicatum,

278 2968 348 3047 quid
381 2970 478 3028 errori
509 2967 636 3028 Parisini
669 2969 780 3029 codicis
812 2969 1004 3030 tribuendum
1039 2975 1126 3028 essct.
1180 2968 1269 3027 huius
1303 2986 1425 3046 quoque

277 3076 547 3155 scripturamque
571 3078 683 3137 certius
707 3076 743 3135 de
768 3075 926 3155 archetypo
951 3083 1111 3153 constaret,
1135 3075 1280 3152 integram
1301 3074 1425 3134 exhibui

278 3200 402 3258 eamque
425 3183 454 3240 B
478 3181 576 3242 littera
601 3183 771 3260 significavi.
817 3183 848 3239 in
872 3181 991 3240 Catonis
1015 3181 1092 3239 libro
1117 3189 1251 3259 paratum
1277 3200 1335 3240 non
1360 3192 1426 3242 erat

278 3287 488 3368 apographum,
512 3290 562 3348 cui
581 3286 685 3346 similis
706 3285 863 3346 tribuenda
883 3294 963 3347 esset
982 3286 1064 3368 fides,
1085 3287 1135 3347 sed
1155 3288 1291 3367 plurimis
1309 3288 1426 3350 librari-

278 3410 364 3453 orum
393 3394 485 3470 vitiis,
512 3395 621 3471 partim
650 3394 738 3453 etiam
765 3393 1002 3454 correctionibus
1025 3393 1165 3454 Italorum
1196 3404 1354 3472 corruptos
1380 3399 1426 3455 iu-

279 3501 346 3559 veni
372 3498 473 3558 libros.
525 3518 615 3578 quare
644 3501 673 3558 in
703 3499 759 3560 hoc
788 3500 884 3561 tribus
914 3519 985 3562 usus
1014 3520 1079 3562 sum
1108 3501 1273 3581 codicibus,
1307 3503 1426 3563 duohus

278 3604 485 3666 Laurentianis
511 3601 567 3684 51,
595 3604 609 3665 1
635 3614 665 3666 et
688 3604 722 3687 2,
750 3625 810 3668 uno
840 3607 1015 3689 Caesenate,
1045 3627 1173 3688 quorum
1202 3612 1426 3670 consentientes

279 3714 414 3773 interce
437 3709 589 3791 lectioneS,
613 3714 752 3789 quoniam
776 3713 830 3773 hae
855 3715 934 3774 solae
958 3723 1116 3774 exuetere
1142 3715 1225 3775 lente
1244 3719 1426 3796 repetendae

280 3827 363 3900 srmt,
395 3820 545 3878 communi
578 3821 662 3898 signo
689 3821 719 3880 B
752 3820 849 3881 littera
880 3840 952 3881 usus
981 3821 1114 3881 iudicavi.
1168 3840 1200 3880 ea
1230 3841 1305 3901 qrrae
1333 3827 1427 3886 unius

280 3925 390 3986 codicis
414 3926 534 4004 propria
558 3933 641 4006 suut,
665 3928 804 4004 quoniam
827 3945 929 3988 errore
954 3927 998 3988 vel
1023 3927 1140 3988 licentia
1165 3927 1355 3991 librariorum
1380 3935 1426 3993 in·

278 4040 361 4093 vecta
385 4039 468 4113 sunt,
493 4031 669 4112 plerumque
694 4035 788 4093 omisi.
835 4033 887 4094 ubi
910 4037 1001 4095 trium
1025 4033 1169 4094 librorum
1193 4035 1336 4098 lectiones
1362 4057 1425 4099 uno

281 4142 364 4218 signo
379 4140 591 4217 comprehendi
606 4159 665 4199 non
679 4147 826 4220 poterant,
841 4141 892 4201 sed
907 4142 978 4220 quid
993 4144 1024 4201 in
1040 4140 1164 4220 singulis
1180 4142 1262 4203 libris
1278 4146 1427 4223 scriptum

281 4253 361 4304 esset
384 4244 574 4305 indicandum
598 4254 670 4328 erat,
696 4254 781 4308 notas
804 4247 927 4327 adposui
950 4251 980 4309 in
1004 4247 1203 4310 Laurentiano
1228 4248 1278 4331 51,
1305 4249 1321 4311 1
1344 4251 1370 4332 f,
1395 4256 1427 4314 in

281 4349 478 4411 Laurentiano
507 4348 564 4432 51,
587 4349 607 4411 2
631 4354 662 4431 b,
685 4356 716 4415 in
748 4354 908 4416 caesenate
936 4374 962 4416 c.
996 4356 1046 4416 sed
1081 4375 1117 4416 cx
1144 4355 1190 4416 his
1219 4356 1426 4421 Florentinum

282 4457 414 4518 codicem
435 4457 456 4532 s
473 4459 504 4517 in
528 4475 563 4517 eo
587 4476 696 4535 genere
721 4461 799 4540 quod
823 4464 921 4541 potius
945 4462 980 4522 ad
1002 4465 1147 4523 rationem
1166 4462 1318 4524 scribendi
1336 4485 1427 4544 quam
1473 4535 1476 4539 ,
