3000 5026
461 107 509 162 DE
529 109 617 164 AGRI
636 109 804 164 CVLTVRA
824 111 852 167 0.
875 112 935 170 157
1217 111 1280 176 103

135 295 243 339 sanum
271 278 370 338 facies.
412 295 515 338 verum
543 295 638 337 assam
666 277 827 338 brassicam
855 285 884 338 et
912 286 1031 339 unctam
1059 277 1184 359 caldam,
1212 279 1281 340 salis

135 382 260 462 paulum
282 384 350 444 dato
368 384 482 445 homini
500 387 607 445 ieiuno.
650 404 738 464 quam
757 385 917 468 plurimum
933 386 1041 466 ederit,
1064 394 1124 445 iam
1139 387 1280 447 citissime

136 509 229 552 sanus
252 491 304 552 liet
327 509 363 551 ex
386 510 421 552 eo
435 490 548 551 morbo.
590 494 716 552 tormina
731 492 840 571 quibus
855 492 978 554 molesia
992 500 1094 574 erunt,
1118 495 1160 552 sic
1184 493 1280 553 facito.
1301 497 1318 553 9

135 596 300 658 brassicam
322 606 471 658 macerato
498 598 587 680 bene,
614 606 717 676 postea
743 601 774 659 in
802 599 898 660 aulam
925 601 1044 679 coicito,
1072 599 1280 659 defervefacito
1335 641 1336 644 κ

106 704 223 766 δὺοηο.
265 704 317 766 ubi
344 712 428 766 cocta
456 707 513 765 erit
541 704 630 786 bene,
659 723 764 784 aquam
793 706 955 767 defundito.
998 724 1032 766 eo
1061 705 1159 766 addito
1183 705 1280 766 oleum

135 811 214 873 bene
238 820 268 872 et
291 811 360 872 salis
382 811 534 889 paululum
559 820 589 872 et
612 813 764 872 cuminum
788 819 818 872 et
841 811 979 890 pollinem
999 812 1142 892 polentae.
1179 820 1281 892 postea

136 918 218 980 ferre
246 918 322 979 bene
346 918 451 982 facito.¹
484 919 536 979 ubi
559 921 697 999 ferverit,¹
718 921 748 978 in
773 921 903 980 catinum
927 919 1030 980 indito.
1072 920 1140 980 dato
1164 920 1232 1000 edil,
1256 921 1282 979 si

137 1027 261 1105 poterit,
286 1027 348 1084 sine
373 1042 463 1105 pane3
486 1027 512 1085 si
535 1044 607 1104 non,
631 1025 698 1085 dato
722 1043 828 1103 panem
848 1043 956 1104 purum
976 1027 1085 1087 ibidem
1099 1027 1281 1087 madefaciat.

139 1135 216 1193 etsi
243 1130 351 1192 febrim
378 1149 438 1191 non
464 1130 598 1212 babebit,
628 1132 696 1192 dato
724 1134 825 1192 vinum
855 1140 952 1193 atrum
976 1132 1065 1194 bibat.
1107 1136 1166 1194 cito
1191 1152 1281 1194 sanus

75 1239 196 1300 mlier.
239 1245 270 1299 et
292 1236 349 1298 hoc
377 1239 521 1317 siquando
549 1258 622 1300 usus
655 1241 781 1319 venerit,
810 1242 861 1319 qui
889 1240 995 1300 debilis
1027 1243 1098 1322 erit,
1126 1241 1198 1301 baec
1232 1259 1281 1300 res
1302 1246 1342 1302 10
1429 1258 1431 1262 ⁴

143 1363 243 1408 sanum
267 1346 364 1406 facere
388 1353 494 1424 polest.
536 1346 697 1412 brassicam
717 1347 778 1407 edit
796 1348 835 1406 ila
854 1349 899 1406 uti
918 1346 946 1407 S.
968 1346 996 1407 S.
1015 1346 1047 1407 E.
1090 1355 1120 1408 et
1142 1347 1199 1409 hoo
1223 1366 1282 1407 am·

143 1452 224 1530 plius.
266 1451 370 1513 lotium
394 1461 567 1514 conservato
587 1456 651 1514 eius
675 1456 727 1532 qui
742 1453 902 1520 brassicam
926 1456 1069 1536 essitarit,
1093 1455 1123 1515 id
1139 1454 1282 1533 calfacito,

146 1576 173 1618 eo
194 1560 346 1620 bominem
369 1559 529 1640 demittite,
554 1563 612 1621 cilo
637 1578 741 1620 sanum
760 1561 848 1620 faciel
866 1560 920 1620 bac
943 1579 1027 1621 cura:
1052 1568 1207 1639 expertum
1226 1562 1282 1621 hoc

145 1673 191 1727 cst.
233 1668 306 1726 ilem
338 1685 447 1746 pueros
475 1666 599 1745 pusillos
629 1668 653 1727 si
682 1666 761 1727 laves
795 1685 829 1726 co
861 1667 945 1747 lolio,
979 1685 1140 1746 numquam
1169 1667 1282 1728 debiles

64 1781 116 1828 ιε
144 1770 218 1834 fient.
261 1781 292 1834 et
315 1773 424 1852 quibus
448 1773 527 1834 oculi
549 1792 655 1853 parum
678 1774 751 1834 clari
770 1781 852 1852 sunt,
877 1792 911 1833 eo
935 1773 1006 1834 lotio
1025 1776 1190 1853 inunguim,
1213 1773 1281 1852 plus

135 1881 291 1942 videbunt.
334 1882 360 1940 si
383 1888 472 1959 caput
495 1891 547 1941 aul
570 1884 702 1942 cervices
725 1880 833 1961 dolent,
858 1900 892 1941 eo
916 1881 987 1942 lotio
1011 1880 1093 1941 caldo
1113 1879 1210 1959 lavito,
1233 1861 1282 1939 de·

122 1986 238 2050 sinent
257 1986 366 2048 dolere.
399 1996 429 2048 et
451 1990 477 2048 si
500 1987 610 2071 mulier
627 2006 662 2048 eo
681 1988 752 2049 lotio
767 1988 848 2048 locos
862 1987 981 2069 fovebit,
1006 2004 1168 2066 numquam
1182 1982 1206 2065 †
1221 2004 1282 2046 um·
1304 1995 1341 2050 11

111 2098 197 2157 seri
220 2096 308 2177 flent,
332 2103 363 2156 et
381 2092 484 2156 fovere
509 2098 552 2156 sic
576 2102 701 2174 oportet.
744 2094 795 2155 ubi
819 2096 849 2154 in
874 2103 974 2155 scutra
997 2093 1202 2174 benefeceris,
1226 2093 1282 2154 sub

94 2265 223 2322 etiam
242 2266 413 2337 uigiliasque
432 2267 531 2322 tollere
550 2267 708 2334 decoctam,
728 2267 751 2320 si
769 2247 856 2320 ieiuni
875 2267 959 2321 edent
978 2268 1062 2335 quam
1081 2265 1230 2336 plurimam
1250 2281 1284 2320 ex

86 2352 199 2411 oleo
219 2358 250 2412 eb
268 2357 327 2411 sale
403 2355 548 2411 lcaldam
569 2356 670 2423 PAcf
688 2356 812 2422 calidam
831 2356 846 2410 b
866 2355 1022 2411 calidamo
1076 2345 1283 2425 ⁵3moleba'A
1378 2418 1380 2423 Ι

245 2445 422 2500 lineolam
446 2445 543 2500 VAbc
565 2443 595 2498 in
614 2444 700 2499 ollam
718 2445 736 2511 f
822 2445 923 2499 coicito
942 2443 1033 2498 PAR
1051 2443 1165 2499 delinito
1183 2461 1199 2498 o

70 2570 100 2616 5
144 2570 289 2641 aquam]
309 2536 345 2640 ab
363 2572 390 2623 A
462 2631 465 2650 ἱ
498 2551 680 2637 dpaululum
698 2567 849 2635 aliisue,
868 2568 984 2635 paulum
1010 2569 1036 2619 V
1140 2567 1283 2637 polentae]

62 2656 264 2719 pollonus
283 2674 351 2714 corr.
371 2658 414 2713 -be
432 2657 460 2712 A
561 2663 575 2710 'f
595 2656 654 2709 edil
674 2655 775 2709 PAbc
793 2654 839 2709 edi
855 2657 874 2720 f
888 2655 987 2709 edalo
1091 2663 1107 2710 8
1126 2656 1193 2710 dabo
1212 2663 1284 2724 pane

57 2747 247 2813 purus
269 2746 336 2801 delo
359 2765 430 2818 pune
455 2763 557 2816 purum
578 2744 678 2799 PAbc
705 2744 770 2797 dato
789 2759 890 2812 penem
908 2758 1042 2812 parumo
1150 2750 1166 2796 9
1185 2742 1285 2797 febrim

64 2824 198 2885 VR
216 2832 326 2888 februm
344 2837 371 2889 A
462 2836 554 2889 atrum
572 2851 588 2886 u
607 2849 703 2887 acrum
723 2831 816 2885 PAR
908 2838 940 2886 10
958 2831 1008 2886 fiet
1026 2833 1086 2886 AR
1105 2830 1159 2884 sier
1181 2829 1207 2883 V

56 2913 286 2985 siquando
306 2925 332 2977 A
381 2917 448 2977 'ro
467 2921 591 2977 essitarit
611 2921 716 2988 ΡΜ
731 2921 841 2976 aliurn
859 2923 874 2976 a
894 2921 1073 2976 esarauessv
1155 2904 1284 2975 sairiaco

62 2998 192 3062 ΡΑ
206 3013 241 3078 cs
254 3010 400 3078 cerasunto
420 3014 435 3065 a
528 3017 560 3065 13
580 3008 722 3064 semiruto
745 3009 809 3064 Vae
827 3009 957 3064 remisero
975 3011 993 3076 f
1013 2996 1150 3064 semicoro
1170 3010 1197 3062 A

55 3102 240 3154 santum
257 3099 343 3156 iacies
362 3102 415 3155 hec
434 3117 501 3154 cura
518 3092 672 3153 Iucundos.
703 3100 820 3165 sortasse
839 3115 937 3153 senum
956 3097 1043 3153 faciei
1059 3098 1130 3153 haec
1149 3115 1215 3152 cura

56 3188 286 3261 prerium
304 3196 319 3244 e
338 3190 392 3245 boc
411 3196 435 3258 e,
454 3190 499 3244 sed
518 3190 601 3243 delato
619 3189 711 3256 priore
730 3189 786 3242 loco
805 3193 820 3240 e
839 3190 866 3240 A
948 3192 982 3241 14
1000 3186 1068 3241 item
1091 3187 1118 3240 V
1132 3186 1207 3241 idem
1226 3186 1286 3240 AR

1252 3288 1260 3314 1

215 3336 246 3387 15
265 3332 334 3386 lieni
356 3330 411 3384 VR
429 3331 499 3384 fiani
517 3331 544 3383 A
618 3335 650 3383 16
670 3328 749 3383 caldo
773 3329 872 3397 VAcf
886 3329 978 3397 calido
998 3329 1013 3383 b
1086 3326 1188 3396 lenibo]
1209 3326 1285 3381 lanio

60 3403 114 3454 A
132 3409 173 3462 b
265 3419 394 3474 desinent
413 3418 507 3474 dolere
526 3420 582 3473 beo
601 3416 729 3472 desinent
747 3417 844 3471 dolore
865 3417 924 3470 PA
935 3417 1013 3484 Vici„
1033 3417 1141 3471 desieub
1159 3416 1255 3471 dolore
1273 3417 1291 3484 f

215 3513 246 3563 17
265 3507 353 3578 locos]
374 3506 443 3562 Loci
460 3509 492 3560 iu
511 3508 634 3578 marya‘roe
653 3507 800 3574 adscripsit
820 3506 847 3558 P
927 3523 1078 3574 numquam
1098 3504 1199 3559 umseri
1219 3505 1287 3584 lieni

69 3571 128 3625 Ρ
136 3583 215 3659 bf
237 3613 389 3664 numquam
413 3595 511 3664 unsepi
535 3597 615 3665 (corr.
636 3594 740 3662 uoueri)
763 3594 831 3648 fient
849 3594 875 3647 A
904 3610 1048 3662 nunquam
1072 3594 1163 3649 unseri
1188 3594 1288 3648 fienic

67 3671 294 3771 {umquam
321 3682 416 3738 miseri
443 3683 585 3739 fienicool.
605 3684 693 3738 Lacr.
713 3687 821 3749 30,10‚
849 3697 1003 3749 numquam
1021 3681 1042 3734 ii
1067 3682 1153 3736 uirosi
1177 3683 1245 3736 fient
1263 3700 1286 3736 c.

99 3749 306 3843 Numquam
319 3773 341 3827 ii
354 3773 440 3828 uirosi
455 3773 530 3830 lieni.
560 3774 706 3842 Receptam
720 3773 791 3826 bunc
806 3771 942 3825 lectionem
955 3770 1067 3834 retinui,
1086 3775 1179 3823 notam
1197 3776 1288 3823 tamen

74 3836 233 3920 faeere.
249 3865 393 3933 antiquom
411 3864 486 3929 uolo,
501 3879 574 3932 quae
592 3860 747 3930 deproamto
765 3860 875 3915 omnino
895 3863 943 3923 esi,
964 3858 1036 3925 quod
1054 3857 1136 3910 eliam
1154 3858 1287 3911 librarios

222 3969 325 4022 parum
352 3952 468 4020 diliqeos
496 3951 634 4022 aequauit,
662 3951 700 4004 ud
728 3967 786 4004 cam
809 3949 880 4002 enim
907 3951 999 4000 nolam
1028 3945 1170 4014 adposuit:
1211 3945 1287 3998 Nun-

84 4023 275 4095 qu¹²·1num
301 4039 356 4095 seri
381 4041 465 4096 fienl'
491 4040 636 4094 Victorius.
669 4040 784 4105 fortasse
803 4052 955 4104 numquam
974 4033 1095 4089 ulcerosi
1113 4033 1181 4087 fient

92 4101 152 4244 ἒξ
185 4130 246 4185 ubi
262 4147 396 4200 auperecr.
416 4131 443 4183 A
536 4129 566 4182 in
585 4128 679 4182 scubre
697 4127 741 4181 Pb
747 4128 764 4194 s
769 4126 846 4195 Viae,
865 4125 989 4179 inscruiu
1007 4125 1034 4177 A
1053 4120 1082 4176 iu
1101 4122 1208 4181 seruire,
1226 4139 1240 4175 c
1258 4119 1288 4178 iu

146 4213 241 4272 ntea
258 4235 275 4273 o
