3000 5026
574 333 779 390 Pacuuium
1025 299 1042 395 J
1193 333 1260 389 xm

113 499 273 578 archetypo
301 517 449 578 expressa.
486 519 562 561 nam
585 493 695 584 ,omues
721 504 829 581 partim
853 500 1038 580 neglegentia
1063 501 1259 562 scribentium

113 608 221 684 partim
249 606 476 685 interpolatione
504 607 646 668 Italorum
673 611 713 669 ita
742 611 876 688 corrupti
906 617 989 690 stunt,
1025 618 1058 670 ut
1085 612 1185 669 minus
1214 627 1260 668 ac-

113 709 246 772 curatam
265 714 375 773 veteris
395 713 546 793 archetypi
565 716 724 793 imaginem
744 717 883 777 reserant.
929 735 965 776 ex
983 715 1031 776 his
1049 724 1111 777 tres
1131 716 1258 795 codices,

114 819 222 899 quibus
250 821 282 880 in
305 819 424 880 Catonis
453 820 528 880 libro
552 839 625 882 usus
650 841 730 901 sum,
757 822 909 904 indicabo,
937 823 1012 883 duos
1035 822 1258 904 Laurentianos,

114 944 207 985 uuum
231 925 429 986 caesenatem.
475 928 585 988 codex
608 926 873 989 Laurentianus
897 926 949 1004 51,
975 928 991 991 1
1012 929 1257 990 membranaceus

117 1035 266 1112 scriptura
293 1034 380 1112 paulo
405 1037 585 1116 antiquiore,
614 1054 702 1114 quam
726 1055 801 1115 quae
826 1039 857 1097 in
881 1037 1005 1116 reliquis
1028 1037 1117 1098 huius
1140 1039 1259 1116 generis

113 1139 200 1200 libris
228 1148 287 1221 est,
316 1148 350 1200 ut
373 1140 536 1204 Bandinius
565 1143 648 1203 catal.
677 1143 741 1204 cod.
769 1143 817 1204 lat.
842 1143 911 1204 bibl.
934 1143 1021 1205 Laur.
1045 1164 1070 1204 v.
1094 1159 1121 1204 11
1144 1164 1172 1224 p.
1197 1140 1261 1205 526

115 1265 185 1307 eum
223 1257 328 1325 quarto
365 1247 481 1308 decimo
514 1249 632 1310 saeculo
665 1250 877 1332 adsignaverit,
915 1254 1047 1312 continet
1080 1251 1200 1312 Catonis
1233 1260 1263 1313 et

114 1354 256 1414 Varronis
289 1354 394 1435 libros,
427 1357 586 1433 Inceptum
619 1361 756 1434 capitula
788 1361 827 1419 de
858 1377 894 1420 re
922 1362 1040 1420 rustica
1068 1359 1110 1419 M.
1142 1360 1263 1420 Catonis

119 1464 272 1533 mornado
305 1479 415 1536 aprum
447 1467 507 1523 enti
534 1467 707 1540 pararique
739 1472 879 1542 oporteat
906 1499 949 1508 —
977 1483 1095 1526 uermes
1124 1472 1261 1541 tanpant.

115 1570 253 1644 Explicit
281 1571 358 1630 liber
382 1570 424 1629 M.
452 1572 573 1632 Catonis
602 1574 639 1633 de
666 1591 702 1632 re
729 1576 848 1634 rustica
868 1572 1011 1649 feliciter.
1060 1573 1101 1633 M.
1129 1573 1264 1635 Terentii

122 1677 271 1737 Varronis
293 1695 399 1737 reruni
422 1681 609 1740 rusticarum
633 1682 671 1741 de
694 1683 892 1754 apricultura
915 1682 993 1741 liber
1012 1683 1132 1756 primus
1155 1683 1263 1755 incipit

112 1782 257 1857 feliciter.
302 1785 459 1860 Incipiunt
482 1787 608 1846 rubrica
632 1789 765 1847 eiusdem
788 1788 862 1847 libri
886 1819 923 1828 —
949 1788 1007 1847 ltoc
1028 1804 1116 1861 quern
1135 1789 1263 1862 exposui

115 1892 226 1950 habita.
274 1890 315 1949 M.
343 1890 373 1950 T.
405 1891 551 1952 Varronis
579 1910 684 1954 rerum
712 1896 901 1953 rusticarum
929 1896 967 1952 de
994 1895 1139 1954 uillaticis
1163 1896 1261 1969 pasti-

115 1999 223 2057 onibus
251 1999 329 2057 liber
357 2001 472 2059 tercias
502 2002 628 2075 explicit
651 1999 795 2074 feliciter.
841 2001 871 2058 iu
899 2001 995 2077 primo
1018 1998 1158 2059 Varronis
1184 1998 1260 2058 libro

116 2103 208 2164 murlta
232 2114 367 2165 correcta
390 2106 436 2164 vel
459 2106 490 2164 in
513 2105 697 2184 marginibus
721 2105 858 2166 adnotata
882 2113 954 2166 sunt
976 2107 1143 2165 recentiore
1162 2124 1261 2187 manu,

115 2229 190 2289 quae
219 2210 291 2271 mihi
320 2210 390 2271 olim
413 2210 525 2272 Nicolai
548 2211 661 2273 Niccoli
690 2231 756 2273 esso
779 2214 840 2273 visa
863 2220 917 2273 est.
964 2212 1107 2292 quaedam
1130 2231 1200 2273 vcro
1224 2231 1260 2272 ex

117 2316 163 2376 his
192 2336 228 2378 cx
252 2316 450 2379 Laurentiano
478 2318 579 2379 codice
603 2316 660 2400 30,
691 2317 732 2380 10
760 2320 898 2380 videntur
925 2321 1017 2398 petita
1046 2339 1120 2381 esse.
1168 2321 1260 2381 codex

115 2423 385 2485 Laurentianus
409 2422 462 2507 51,
485 2423 506 2486 2
531 2425 774 2487 membranaceus
797 2429 892 2506 prima
912 2427 1021 2488 scheda
1040 2427 1154 2488 abscisa
1172 2430 1260 2488 muti·

113 2531 192 2592 latus
222 2532 342 2593 Catonis
370 2531 478 2591 librum
506 2535 600 2610 prima
627 2545 712 2611 parte
741 2533 938 2612 capitulorum
966 2536 1073 2594 amissa
1101 2534 1202 2615 habet,
1231 2541 1260 2594 to

115 2639 233 2700 Paltern
257 2642 403 2715 punicam
429 2641 475 2700 sic
500 2638 598 2713 facito
627 2633 670 2723 (p.
700 2637 732 2721 7,
763 2633 820 2723 10)
847 2674 884 2682 -
911 2644 1080 2717 expliciunt
1105 2643 1260 2702 rubricae.

113 2747 224 2822 incipit
254 2748 331 2806 liber
360 2780 401 2788 —
429 2765 549 2808 uermes
581 2754 714 2822 taupent.
766 2749 808 2807 M.
840 2749 963 2809 Catonis
995 2751 1033 2809 de
1065 2738 1260 2822 apriculiura

114 2856 242 2928 explicit
261 2852 422 2929 foeliciter,
446 2853 553 2913 deinde
577 2853 716 2913 Varronis
739 2853 832 2913 libros
855 2862 916 2914 tres
944 2887 980 2896 -
1007 2856 1084 2915 baec
1107 2872 1186 2928 qaae
1209 2873 1260 2915 ex·
1300 2934 1304 2941 Ι

111 2962 204 3035 posui
221 2961 339 3020 habeto.
387 2960 429 3018 M.
452 2959 586 3019 Terentii
610 2958 756 3018 Varronis
776 2961 813 3019 ae
832 2961 1027 3031 apricultura
1046 2978 1150 3020 rerum
1168 2965 1259 3021 rusti·
1283 3037 1286 3041 Ι

114 3083 224 3125 carum
251 3068 325 3127 libri
352 3069 520 3143 expliciunt
540 3063 701 3138 foeliciter.
747 3063 839 3123 codex
864 3063 1040 3123 Caesenas
1063 3063 1259 3125 bibliothecae

112 3171 334 3232 Malatestianae
361 3170 463 3252 42st
493 3170 738 3236 membranaceus
767 3171 878 3231 formae
906 3171 1050 3230 maximae
1077 3179 1147 3250 post
1174 3170 1264 3247 Colit:

81 3294 83 3298 ⁴
112 3278 219 3339 mellae
248 3278 339 3339 libros
367 3278 455 3339 habet
479 3278 598 3338 Catonis
627 3287 657 3339 et
679 3277 820 3338 Varronis
847 3276 940 3338 libros
968 3279 1021 3338 ita
1037 3280 1179 3360 scriptos,
1208 3281 1259 3339 In·

111 3389 192 3462 cipit
222 3388 300 3447 liber
332 3387 374 3446 M.
411 3387 533 3446 Catonis
566 3388 604 3447 de
635 3404 671 3446 re
703 3389 829 3447 rustica.
885 3387 1036 3458 Quomodo
1065 3403 1175 3460 aprum
1203 3389 1262 3446 erni

108 3495 287 3569 pararique
309 3499 448 3570 oporteat
470 3526 511 3535 —
535 3491 623 3568 ofelle
638 3494 809 3568 puteolana.
855 3494 910 3552 Est
929 3495 1081 3553 interdum
1096 3499 1260 3568 praestare

116 3632 156 3644 -
187 3618 306 3661 uermes
334 3607 467 3674 taupent.
513 3600 607 3659 Finis.
631 3599 673 3658 M.
700 3598 841 3659 Terencii
869 3599 1017 3660 Varronis
1040 3617 1145 3661 rerum
1168 3601 1258 3667 rusti-

112 3723 224 3767 carum
258 3710 296 3766 de
327 3709 522 3781 apricultura
550 3707 628 3766 liber
652 3707 771 3780 prinaus
799 3707 907 3780 incipit
930 3705 1083 3780 foeliciter
1111 3707 1259 3779 Piulopus

114 3815 250 3874 masdern
276 3813 376 3874 Totius
405 3831 498 3873 essem
524 3846 561 3855 —
587 3815 753 3873 tubicinara
773 3830 909 3887 precum.
956 3815 1114 3889 Incipiunt
1134 3788 1260 3874 rubrica

113 3922 353 3981 eiusdem-libri.
403 3921 463 3992 Qui
482 3923 573 3995 preci
593 3951 631 3960 —
653 3927 708 3979 aut
730 3922 773 3980 ad
794 3922 993 3980 ueniendum.
1040 3937 1074 3979 ea
1098 3937 1174 3998 quae
1191 3925 1260 3997 post

113 4045 145 4085 v.
172 4029 338 4088 tubicinant
363 4044 490 4102 precum
518 4045 613 4103 usque
642 4026 678 4086 ad
705 4026 795 4086 finem
821 4023 890 4084 libri
918 4026 1025 4083 omissa
1049 4031 1134 4083 erant
1156 4031 1259 4102 postea

117 4131 221 4193 eadem
247 4151 337 4194 manu
365 4133 462 4194 addita
491 4141 575 4214 sunt,
603 4133 654 4194 sed
683 4135 724 4194 ita
752 4140 785 4193 ut
812 4131 868 4191 alio
896 4138 1030 4208 tempore
1059 4130 1170 4207 scripta
1194 4147 1258 4189 esse

113 4238 208 4300 verba
239 4248 392 4321 appareat:
424 4259 492 4301 nam
520 4258 613 4319 pauca
641 4242 671 4300 in
700 4240 794 4318 spatio
821 4245 888 4298 ante
918 4235 1044 4316 capitula
1073 4237 1163 4315 primi
1189 4234 1259 4295 libri

111 4348 235 4430 relicto,
266 4347 392 4427 plurima
419 4349 450 4407 in
479 4348 610 4426 margine
635 4347 781 4425 adscripta
806 4353 884 4424 sunt,
905 4347 1059 4420 preputirn
1084 4376 1122 4387 -
1147 4345 1258 4404 babilo.

116 4456 156 4517 M.
185 4455 321 4516 Terentii
349 4455 478 4515 Varonis
505 4470 609 4514 rerum
636 4456 823 4514 rusticarum
845 4454 884 4512 de
906 4453 1051 4512 uillaticis
1070 4451 1259 4527 pastionibus
