3000 5026
166 319 230 384 162
606 405 609 411 Ι
656 315 840 372 vtaaoms

164 503 282 564 quoque
301 462 449 565 legumen,¹
468 491 501 545 ut
520 492 618 544 cetera
634 503 708 564 quae
725 484 873 544 velluntur
889 491 1008 563 eterra,
1027 501 1087 543 non
1102 481 1310 559 subsecantur,

165 610 248 672 quae,
272 591 351 670 quod
375 593 415 651 ita
438 591 586 673 leguntur,
609 591 757 671 legumina
781 591 867 652 dicta.
913 592 944 650 in
963 591 1068 668 pingui
1087 591 1209 669 rectius,
1233 607 1310 668 quae

138 699 228 760 3oihi
256 705 325 758 sunt
353 700 486 779 maioriS,
519 706 551 758 ut
578 698 678 779 holus,
711 701 857 778 triticum,
884 698 984 779 siligo,
1010 697 1113 758 linum.
1165 696 1310 775 quaedam

164 806 250 865 etiam
285 805 409 865 serenda
442 823 501 864 non
534 813 594 866 tam
626 813 749 885 propter
781 815 967 884 praesentem
1001 804 1133 864 fructum
1161 821 1250 882 quam
1279 805 1309 862 in

162 930 272 972 annum
305 914 550 992 prospicientem,
584 912 662 991 quod
694 912 737 972 ibi
770 912 906 973 subseeta
939 920 1028 991 atque
1061 909 1164 971 relicta
1196 918 1308 971 terram
1335 919 1348 959 ⁵

163 1019 275 1079 faciunt
298 1019 459 1080 meliorem.
505 1022 604 1098 itaque
628 1019 771 1100 lupinum,
795 1039 862 1080 eum
887 1020 983 1079 minus
1003 1016 1148 1079 siliculam
1169 1021 1259 1097 cepit,
1282 1025 1311 1077 et

163 1145 222 1186 non
246 1145 406 1205 numquam
430 1126 548 1208 fabalia,
577 1129 602 1187 si
626 1127 662 1186 ad
686 1126 808 1205 siliquas
832 1128 954 1187 nonita
978 1127 1129 1205 pervenit,
1158 1131 1191 1185 ut
1214 1124 1311 1184 fabam

163 1232 261 1312 legere
286 1234 435 1314 expediat,
460 1235 485 1294 si
509 1252 578 1313 ager
601 1235 729 1293 macrior
752 1244 806 1315 est,
829 1251 883 1312 pro
908 1240 1040 1293 stercore
1063 1233 1181 1292 inarare
1204 1231 1310 1292 solent

136 1345 223 1402 4nee
250 1342 348 1401 minus
377 1359 410 1401 ea
438 1341 667 1402 discriminanda
690 1344 721 1400 in
745 1340 928 1402 conserendo
953 1358 1027 1418 quae
1053 1348 1123 1400 sunt
1147 1339 1312 1419 fructuosa,

163 1455 286 1526 propter
309 1447 498 1528 voluptatem,
521 1455 555 1508 ut
579 1466 653 1526 quae
677 1450 807 1526 pomaria
831 1466 865 1507 ac
888 1446 999 1507 lloralia
1019 1446 1216 1526 appellantur,
1241 1447 1351 1506 item1⁰

61 1569 64 1575 ·
163 1555 212 1614 illa
240 1573 315 1634 quae
343 1554 378 1614 ad
406 1554 560 1615 hominum
587 1556 698 1614 vietum
726 1573 760 1614 ac
789 1572 910 1615 sensum
940 1554 1228 1632 delectationemque
1253 1572 1313 1613 non

163 1664 314 1741 pertinent
347 1679 443 1740 neque
472 1660 507 1720 ab
536 1663 600 1740 agri
627 1661 754 1722 utilitate
784 1669 854 1722 sunt
881 1662 1020 1722 diiuncta.
1070 1661 1197 1722 idoneus
1228 1660 1313 1722 locus

163 1768 330 1848 eligendus,
362 1767 415 1827 ubi
447 1767 537 1829 iacias
571 1769 706 1829 salictum
739 1777 769 1829 et
801 1768 1045 1848 harundinetum,
1078 1769 1121 1828 sio
1150 1767 1206 1829 alia
1237 1787 1314 1847 quae

137 1875 300 1936 5nmidnm
331 1875 429 1935 locum
457 1885 616 1957 quaerunt,
649 1884 751 1936 contra
780 1874 832 1934 ubi
860 1883 975 1954 segetes
1003 1874 1229 1954 frumentarias,
1263 1874 1315 1935 ubi

164 1979 259 2042 labam
282 1984 470 2062 potissimum
494 2001 589 2063 seras,
617 1984 688 2042 item
711 1982 766 2041 alia
790 2000 865 2060 quae
889 1981 970 2041 arida
993 1981 1056 2043 loca
1080 1988 1242 2042 secuntur:
1270 1982 1351 2043 sic¹⁶

164 2097 196 2150 ut
214 2089 363 2150 umbrosis
383 2089 455 2150 locis
475 2089 529 2149 alia
549 2108 639 2170 seraS,
658 2096 692 2149 ut
711 2088 878 2171 corrudam,
897 2088 976 2167 quod
991 2090 1031 2149 ita
1045 2091 1120 2166 petit
1134 2106 1315 2170 asparagum

163 2199 275 2277 aprica,
302 2204 337 2257 ut
360 2195 402 2255 ibi
426 2213 508 2255 seras
531 2195 636 2256 violam
661 2204 692 2256 et
714 2195 818 2255 hortos
841 2195 944 2275 iacias,
968 2194 1047 2273 quod
1071 2213 1105 2255 ea
1128 2193 1192 2255 sole
1219 2197 1316 2257 nutri-

163 2310 277 2383 cantur,
301 2305 344 2362 sic
367 2302 431 2362 alia.
477 2309 507 2362 et
530 2302 586 2363 alio
609 2302 674 2363 loco
702 2321 719 2360 a
743 2302 876 2384 serenda,
900 2309 934 2361 ut
956 2301 1065 2362 habeas
1088 2303 1210 2384 vimina,
1236 2302 1316 2364 unde

162 2425 375 2434 ——-—-

235 2499 249 2544 1
274 2493 368 2547 cetera
391 2507 464 2560 quae
487 2491 629 2546 velluntur
651 2492 892 2561 Nou.p.61,14
965 2496 998 2546 18
1020 2490 1182 2546 athabeos
1207 2492 1318 2549 vimina

162 2581 236 2635 Nou.
252 2598 282 2649 p.
303 2585 367 2650 189,
386 2586 422 2635 16

235 2764 248 2811 1
261 2762 372 2814 caetera
384 2757 412 2812 V
444 2764 460 2812 1
471 2774 543 2827 quae
554 2759 610 2813 eibi
620 2761 685 2813 sunt
696 2758 810 2814 Pla'ua'us
817 2758 939 2826 XVIII,
949 2763 1003 2813 165
1013 2775 1085 2828 quae
1095 2757 1135 2812 ibi
1146 2761 1216 2814 suni
1230 2759 1318 2815 VAB

163 2865 235 2918 quae
260 2849 334 2902 succi
358 2849 422 2902 sunt
441 2848 595 2902 Iucundos.
625 2849 677 2902 ‘Iu
699 2850 805 2903 eacusis
832 2854 914 2903 autea
936 2849 1028 2916 libris,
1051 2847 1134 2902 Succs'
1147 2868 1154 2899 ε
1168 2849 1206 2902 ia
1228 2865 1317 2904 mauu

161 2938 273 3008 seriptis
296 2937 421 2991 oucuibus
439 2936 496 3004 lbi,
520 2939 651 3006 sculptum
673 2939 771 2992 iuueua'
785 2961 791 2992 :
807 2954 891 3007 quare
913 2955 971 2991 uuo
995 2938 1094 2992 addito
1116 2937 1217 3006 litera,
1241 2938 1314 3006 Uibi,

161 3026 314 3094 coatipoui’
340 3026 479 3081 Victorius
550 3033 565 3080 3
590 3028 671 3082 holus
691 3027 781 3082 PAB
799 3027 894 3081 eluso
967 3032 1057 3079 4non
1076 3026 1136 3077 tam
1153 3026 1238 3081 Amo
1257 3043 1315 3081 non

161 3115 218 3170 iam
252 3116 312 3169 PB
406 3121 422 3169 5
455 3115 691 3185 propspicientem
723 3133 792 3172 corr.
825 3132 917 3186 prosp.
946 3114 973 3166 A
1063 3113 1196 3168 subseeta
1226 3117 1313 3184 atque

161 3203 262 3257 relicta
292 3204 385 3258 A²mo
417 3205 576 3259 subsectam
608 3207 694 3274 atque
725 3204 854 3260 relictam
882 3203 971 3258 PAB
1057 3207 1073 3255 6
1105 3217 1170 3255 cum
1204 3202 1311 3274 minus]

162 3309 225 3346 eum
249 3292 379 3347 dominus
402 3293 458 3347 VB
483 3311 546 3349 eum
569 3292 622 3346 dfis
641 3295 668 3347 A
692 3311 754 3348 eum
777 3311 828 3348 nec
852 3295 918 3348 dum
942 3291 1089 3345 Iueuudus
1104 3332 1110 3344 .
1127 3290 1182 3345 ‘Iu
1204 3294 1311 3347 acuetis
1349 3326 1352 3345 2

162 3398 248 3435 mauu
274 3383 398 3451 scriptia,
430 3381 500 3436 Cum
528 3382 655 3439 dominus
684 3383 836 3450 siliculam,
868 3381 980 3436 iuueuI’
1009 3379 1154 3434 Victorius.
1196 3381 1307 3450 quando

161 3471 252 3525 minus
275 3471 429 3526 Salmasius
452 3471 528 3526 Plau,
553 3476 756 3541 exere.p.172
829 3469 904 3538 cepit
922 3469 950 3524 A
974 3475 998 3524 et
1020 3471 1052 3524 a'a
1073 3470 1201 3538 marpissa
1222 3472 1305 3540 scrap-
1348 3470 1352 3517 ἔ

161 3565 218 3614 tum
237 3561 265 3614 Β
284 3558 378 3628 eoepit
400 3558 427 3613 V
496 3567 733 3631 anonnnnquam
751 3561 779 3614 Β
851 3559 957 3615 fabalia
975 3558 1067 3615 Almo
1090 3555 1202 3611 fabalia
1219 3558 1304 3615 PAB

161 3649 264 3703 codices
286 3647 402 3702 Victorii
420 3648 442 3699 I
452 3652 497 3716 31,
512 3653 529 3703 4
600 3657 616 3704 9
634 3652 750 3718 fortasse
767 3649 911 3704 fructuosa
929 3636 979 3702 aui
997 3649 1113 3718 propter
1131 3649 1300 3718 uoluptatem

235 3741 266 3788 11
293 3735 355 3806 illa]
379 3736 447 3791 illae
464 3738 492 3791 Β
566 3744 598 3792 12
623 3740 749 3794 diiuncta
771 3738 859 3793 VAB
882 3736 1023 3791 disiuncta
1040 3734 1112 3791 A'm
1188 3735 1298 3793 141111-
1341 3804 1344 3809 Ι

162 3825 228 3878 dum
237 3823 304 3901 ,ΡΑ
322 3824 469 3880 humidum
482 3828 530 3882 Bo
583 3829 634 3883 ubi
651 3828 747 3883 fabam
762 3827 851 3882 PAB
869 3827 911 3881 ibi
926 3826 1050 3881 sabama
1106 3830 1140 3881 16
1161 3827 1297 3882 alluserat

162 3913 308 3969 Iueuudus
326 3914 386 3970 alta
405 3932 481 3970 seras
498 3916 587 3972 VAB
642 3918 759 3973 corruda
773 3916 862 3971 PAB
878 3919 1010 3971 eorudav
1063 3913 1137 3984 petil
1152 3930 1296 3988 asparagus

162 4002 277 4072 (petitas
291 4022 413 4081 paragus
423 4006 462 4075 Β)
478 4005 573 4075 aprica
588 4008 620 4061 ut
632 4007 673 4060 ibi
688 4023 762 4061 seras
771 4007 832 4061 AB
845 4005 919 4076 petit
933 4021 1085 4082 asparagus
1099 4004 1133 4057 ul
1140 4005 1185 4059 ibi
1195 4002 1296 4062 serasl'
1336 4044 1339 4049 -

160 4093 233 4161 petit
251 4110 404 4166 asparagus
423 4098 452 4150 et
469 4096 565 4166 aprica
583 4097 621 4150 sit
638 4097 714 4150 terra
727 4096 776 4150 ubi
791 4113 896 4150 saraae
956 4100 989 4148 11
1003 4092 1104 4164 apricis
1119 4093 1258 4165 Aupelias

160 4184 235 4236 ortos
250 4184 277 4236 A
331 4183 435 4238 faciam
454 4202 521 4241 corr.
536 4215 571 4226 -
586 4202 616 4239 aa
630 4184 658 4238 A
713 4190 745 4238 18
760 4186 875 4252 sonasse
890 4183 986 4240 etalio
1000 4183 1062 4238 loco
1076 4180 1297 4241 salletasereudt

232 4270 307 4325 unde
329 4273 456 4328 utendo.
472 4274 493 4327 L
510 4318 515 4329 .
531 4273 599 4343 quid
618 4274 646 4327 P
666 4274 738 4327 unde
762 4273 865 4328 utendo
882 4316 887 4327 .
902 4275 914 4327 l
929 4313 935 4326 .
951 4273 1019 4342 qnid
1037 4274 1065 4328 A
1083 4272 1298 4343 undeuplendo.

160 4357 182 4410 L
200 4401 205 4412 .
220 4357 288 4425 quid
302 4359 330 4412 Β
348 4362 421 4414 unde
440 4363 545 4417 utendo
565 4361 672 4432 aliquid
685 4379 701 4416 o
713 4407 719 4418 .
731 4362 740 4390 e
750 4362 862 4430 Va'eudo,
882 4363 935 4432 iepi
952 4365 1044 4418 debere
1061 4363 1183 4418 osteudit
1198 4364 1302 4420 Noniae

160 4446 376 4518 [p.1ee‚16],
399 4452 448 4519 qui
469 4453 527 4506 uim
549 4453 633 4507 huius
650 4453 729 4507 uerbi
746 4453 903 4521 declarans,
926 4455 1089 4509 auctoretate
1107 4456 1151 4509 M.
1175 4453 1304 4513 Varrottt't

1346 4606 1352 4729 1
