3000 5026
405 369 533 425 RERVM
552 367 792 424 uvsulcluvm
810 351 878 421 LIB.
899 363 937 416 lII
956 358 975 416 3
1199 362 1266 426 275

121 554 208 618 quam
237 544 299 598 tum
327 536 475 599 habebant
503 541 581 598 totas
604 536 701 618 villas,
727 539 759 597 in
783 535 892 616 quibus
914 533 1103 597 stabulentur
1126 532 1207 593 turdi
1230 550 1264 593 ac

119 658 255 723 pavones.
304 646 350 705 sic
379 646 412 705 iu
443 644 574 705 secunda
605 646 683 724 parti
715 662 751 704 ao
781 643 928 725 leporario
960 648 1044 720 pater
1075 647 1159 720 tuus,
1195 637 1260 720 dxi,
1292 641 1311 698 8

120 757 328 830 praeterquam
351 749 537 830 lepusculum
560 768 577 811 e
601 752 755 811 venatione
774 749 848 810 vidit
865 765 1035 826 numquam.
1067 748 1263 826 nequeenim

120 863 183 918 erat
209 874 349 936 magnum
376 857 405 918 id
436 866 584 938 saeptum,
612 858 691 937 quod
715 875 808 938 nuuc,
836 864 871 917 nt
894 855 1021 916 habeam
1042 853 1152 916 multos
1175 871 1263 931 apros
1302 897 1303 900 ,

89 980 151 1026 sac
174 981 306 1046 capreas,
329 964 473 1044 conplura
495 967 598 1043 iugera
620 966 757 1026 maceriis
780 963 971 1025 concludunt.
1018 981 1078 1023 uon
1101 969 1143 1042 tu,
1166 960 1263 1038 inquit

118 1071 204 1153 mihi,
227 1088 296 1133 cum
319 1073 427 1132 emisti.
441 1071 567 1132 fundum
590 1071 791 1133 Tusculanum
816 1090 831 1131 a
855 1070 892 1131 Μ.
915 1070 1037 1148 Pisone,
1061 1070 1092 1129 in
1115 1068 1263 1147 leporario

118 1179 182 1258 apri
209 1177 332 1239 luerunt
359 1174 466 1239 multi?
510 1179 542 1238 in
569 1181 656 1239 tertia
684 1180 763 1258 parti
791 1181 858 1258 quis
884 1176 1011 1238 hahebat
1033 1176 1176 1254 piscinam
1200 1173 1259 1232 uisi
1291 1175 1309 1232 9

118 1284 234 1346 dulcem
258 1291 287 1346 et
310 1286 340 1345 in
365 1303 399 1344 ea
417 1284 568 1346 dumtaxat
587 1285 706 1364 squalos
726 1304 759 1347 ac
777 1285 903 1364 mugiles
924 1280 1043 1365 pisces?
1071 1283 1139 1362 quis
1158 1287 1262 1342 contra

118 1409 197 1452 nuuc
225 1392 361 1452 minthon
388 1410 448 1453 nou
475 1392 548 1453 dicit
576 1411 629 1454 sua
658 1392 732 1453 nihil
754 1395 916 1473 interesse,
944 1399 1045 1454 utrum
1068 1392 1106 1450 iis
1130 1387 1263 1468 piscibus

25 1505 255 1578 1ostaguum
277 1482 385 1559 habeat
407 1498 528 1578 plenum
551 1517 588 1559 au
610 1495 712 1559 ranis?
744 1517 804 1559 nou
824 1499 986 1579 Philippus,
1011 1516 1079 1559 cum
1098 1497 1133 1557 ad
1154 1494 1261 1555 mei-

120 1605 198 1666 dium
231 1605 380 1685 hospitem
410 1604 509 1666 Casini
540 1606 717 1666 devertisset
748 1613 779 1666 et
811 1609 839 1666 ei
871 1625 887 1666 e
919 1612 970 1666 tuo
1003 1605 1124 1666 flumine
1158 1603 1262 1682 lupum

121 1715 230 1789 piscem
263 1712 425 1772 formosum
459 1711 645 1791 adposuisset
678 1720 766 1791 atque
795 1713 844 1773 ille
872 1718 1021 1792 gustasset
1049 1719 1079 1771 et
1102 1711 1262 1789 sapuisset,

120 1818 202 1900 dixit,
225 1836 354 1899 peream,
377 1821 408 1879 ui
430 1821 543 1897 piscem
566 1821 667 1898 putavi
688 1816 776 1880 esse?
821 1822 865 1880 sic
888 1828 989 1880 nostra
1012 1826 1092 1879 aetas
1115 1819 1146 1877 in
1170 1817 1310 1894 quam10

120 1924 265 1988 luxuriam
292 1927 466 2005 propagavit
492 1924 652 2004 leporaria,
680 1925 735 1986 hac
763 1927 892 2005 piscinas
921 1925 1045 2005 protulit
1068 1924 1103 1985 ad
1127 1940 1208 1983 mare
1232 1930 1262 1982 et

24 2050 92 2096 ιε
119 2033 145 2092 iu
168 2051 221 2094 eas
245 2032 376 2111 pelagios
399 2050 504 2111 greges
528 2034 655 2111 piscium
678 2035 835 2095 revocavit.
869 2051 928 2094 non
951 2040 1073 2113 propter
1092 2032 1144 2091 has
1164 2028 1261 2109 appel-

116 2137 165 2200 lati
190 2138 314 2219 Sergius
338 2138 426 2199 Orata
450 2146 481 2199 et
499 2138 632 2200 Licinius
651 2137 796 2200 llureua?
828 2142 895 2218 quis
918 2142 997 2200 enim
1015 2145 1138 2220 propter
1157 2135 1260 2197 nobili·

186 2460 203 2508 6
222 2469 287 2508 cum
305 2450 399 2506 emisti
416 2453 533 2506 fundum
550 2453 740 2508 Tusculanum
754 2455 822 2510 Geli.
838 2455 880 2508 H
892 2459 930 2509 20
1003 2459 1017 2508 7
1037 2453 1066 2509 in
1084 2453 1169 2509 teriia
1187 2453 1259 2524 pari‘

94 2541 220 2598 Colum.
245 2541 396 2626 1111116,
415 2547 432 2596 3

187 2851 202 2900 1
231 2847 307 2900 totas
334 2842 418 2898 uillas
445 2861 460 2896 o
486 2845 561 2896 tutes
584 2843 668 2896 uillas
690 2844 845 2899 PB'toiae
865 2845 950 2900 uillae
969 2847 1123 2903 Iucundos.
1163 2849 1262 2903 ‘Vetus

80 2928 205 3003 lectio,
230 2934 319 2988 Tutus
343 2930 435 2986 uillas.
475 2930 560 2986 Tutus
584 2937 674 2986 autem
693 2948 747 3000 pro
764 2932 860 2987 Totas:
886 2938 916 2987 ut
939 2935 970 2987 ia
988 2935 1084 2989 iisdem
1101 2936 1183 2990 libris
1201 2937 1261 2989 Ru-

79 3021 245 3091 tundam,
272 3039 351 3092 caepe
375 3038 430 3092 pro
458 3020 629 3076 Rotundum’
666 3020 805 3075 Victorius
894 3028 910 3075 2
937 3021 1011 3091 parti
1034 3021 1094 3078 AB
1122 3023 1261 3078 Victorius

76 3114 233 3171 puteo
317 3109 364 3166 cxi
385 3128 402 3165 o
425 3104 481 3164 arrii
499 3109 590 3162 PAB
671 3115 687 3162 3
710 3124 853 3176 nunquam
883 3110 939 3166 VB
1019 3111 1088 3165 lid
1111 3112 1259 3181 septumo

77 3192 135 3246 ad
170 3201 279 3270 sepium
294 3199 385 3254 PAB
457 3202 525 3252 dac
543 3215 658 3268 cupreas
674 3198 768 3253 PAB
785 3215 819 3254 ac
839 3216 968 3269 copraso
1040 3201 1185 3270 complura
1203 3201 1259 3256 VB

80 3289 276 3359 sumpturas
295 3290 321 3342 A
344 3288 490 3358 complura
507 3305 534 3342 m
622 3304 680 3342 non
702 3289 734 3342 tu
756 3287 813 3342 PA
836 3305 891 3343 non
910 3288 966 3359 juta
986 3290 1013 3343 B
1031 3307 1086 3344 uon
1106 3292 1171 3345 tuo

80 3363 208 3444 inquii
230 3377 286 3433 VB
304 3376 403 3446 inquid
417 3375 445 3430 A
512 3384 609 3432 dcom
629 3375 724 3431 emisti
742 3377 771 3431 A
842 3375 965 3432 diercis
978 3379 1005 3432 A
1078 3378 1153 3448 parii
1169 3380 1260 3433 PAB

84 3467 229 3522 narseo
301 3466 364 3534 quis
383 3465 508 3520 habebat
531 3465 669 3521 Victorius
687 3464 749 3533 quis
768 3466 873 3521 habeut
886 3465 946 3522 AB
965 3465 1026 3536 quis
1045 3467 1132 3522 habet
1155 3468 1182 3522 V
1198 3469 1260 3537 quis

372 3566 395 3595 ct

86 3588 239 3662 habeant
255 3624 283 3661 m
341 3567 437 3677 pinam
456 3606 484 3661 A
542 3606 690 3676 8squalos
709 3607 801 3663 PAB
819 3625 948 3663 scaroso
1008 3610 1152 3664 9mithon
1170 3609 1260 3664 PAB

87 3682 262 3759 rhyntono
276 3695 405 3752 nebullus
420 3712 452 3750 ac
462 3695 571 3750 mintho
582 3698 665 3752 codem
674 3688 917 3766 Sonocrmonensa's
927 3698 1089 3754 Columellas
1100 3699 1145 3753 VI
1146 3700 1166 3752 I
1170 3698 1191 3751 I
1193 3702 1261 3766 16,1

184 3783 274 3841 nichil
294 3786 322 3841 A
394 3791 428 3840 10
452 3786 624 3842 Ummidium
643 3786 766 3857 Scaliger
788 3787 945 3843 immidium
965 3788 1056 3844 PAB
1079 3787 1259 3842 Minidiumv

166 3880 201 3929 11
222 3874 311 3930 casini
335 3875 392 3930 VB
410 3872 512 3929 cassini
530 3875 588 3930 Am
652 3875 818 3931 deuertissel
836 3877 864 3932 A
883 3877 1044 3932 diuerlissei
1067 3878 1124 3931 VB
1177 3879 1259 3932 elno

94 3945 229 4019 111limina
247 3964 338 4018 PAB
357 3982 372 4019 e
392 3981 441 4018 suo
459 3963 572 4020 flumine
591 3982 615 4020 o.
647 3965 688 4018 ‘E'
699 3966 749 4019 tuo
768 3965 889 4020 flumine.
927 3967 974 4021 Sic
989 3967 1101 4035 legimus
1113 3968 1146 4020 in
1159 3967 1259 4034 opthno

99 4049 220 4120 eddim,
243 4055 359 4122 atthone
383 4054 533 4110 modullis.
555 4084 588 4094 -—
608 4055 645 4108 In
664 4056 753 4110 eodem
771 4056 853 4109 ctiam
880 4056 982 4122 codice,
1006 4053 1178 4119 lmmidium‚
1202 4070 1259 4107 non

99 4123 273 4198 Minicium
285 4144 417 4212 scriptum
435 4143 602 4198 temnimus
627 4143 765 4198 Victorius
828 4148 861 4197 12
880 4142 1056 4213 apposuisset
1072 4141 1160 4195 VAB
1225 4148 1258 4196 14

97 4206 267 4291 leporarius
286 4247 319 4284 ac
336 4229 458 4299 piscinas
473 4232 533 4285 AB
551 4232 692 4301 leporaria
709 4249 742 4287 ao
755 4230 876 4302 piscinas
896 4232 923 4286 V
976 4238 1008 4287 15
1027 4230 1164 4301 pellagius
1177 4231 1206 4286 A

97 4311 230 4388 Propter
251 4319 303 4373 has
324 4320 384 4375 PB
406 4321 552 4392 propiores
568 4363 574 4375 .
590 4362 597 4376 .
612 4324 720 4377 duobus
743 4323 840 4377 litteris
858 4325 921 4391 post
940 4338 971 4375 as
988 4322 1081 4376 deletis
1099 4323 1125 4374 A
1145 4323 1259 4392 propter

100 4383 203 4463 h0⁸v
260 4409 426 4478 ‘appellata
444 4426 512 4466 corr.
533 4441 566 4451 -
584 4409 609 4465 ti
627 4412 656 4468 A
736 4416 770 4465 16
789 4427 922 4466 muroena
940 4410 967 4463 B
1047 4410 1258 4466 nobilitatemo

101 4486 276 4553 nobilitates
294 4499 384 4556 PAB
