3000 5026
419 363 548 418 RERVM
566 363 803 420 uvsrtcauvm
822 364 889 420 LIB.
908 366 934 419 ΙΙ
955 358 1055 420 9-10
1252 363 1318 427 255

171 532 283 608 parari:
310 531 372 590 iere
400 531 548 591 modicum
572 550 638 592 esse
661 539 780 612 putant,
809 540 843 592 ut
865 530 975 611 singuli
999 538 1162 610 sequantur
1185 530 1319 608 singulos

172 637 326 715 opiliones.
370 636 406 697 de
435 657 493 716 quo
524 656 648 698 numero
672 638 747 698 alius
772 638 861 699 alium
886 639 1004 699 modum
1029 639 1192 698 constituit.
1239 635 1318 725 quod

173 745 199 802 si
231 751 301 803 sunt
322 747 483 826 regiones,
516 745 568 805 ubi
595 744 707 805 bestiae
736 747 795 805 sint
824 745 945 825 multae,
979 745 1087 805 debent
1115 763 1180 805 esse
1209 743 1319 823 plures,

150 849 251 927 quod
276 849 384 910 accidit
407 851 454 911 his
477 853 530 930 qui
553 870 606 931 per
629 851 717 911 calles
742 852 892 913 silvestres
916 852 1093 931 longinquos
1114 849 1210 911 solent
1229 851 1318 910 comi·
1380 924 1385 932 ,

149 958 230 1016 stari
258 958 288 1016 in
316 959 425 1017 aestiva
455 967 485 1018 et
511 957 644 1018 hiberna.
690 959 817 1020 villatico
843 978 914 1019 vero
937 961 1021 1038 gregi
1044 961 1075 1018 in
1100 957 1224 1019 lundum
1248 959 1320 1018 satis

175 1081 239 1122 esse
267 1063 340 1143 duo,
369 1073 398 1124 et
426 1064 454 1124 id
484 1084 594 1126 marem
619 1073 649 1125 et
673 1066 819 1126 feminam.
866 1068 905 1126 ita
930 1067 1009 1125 enim
1033 1073 1103 1125 sunt
1127 1064 1320 1145 adsiduiores,

175 1170 251 1248 quod
281 1189 349 1231 oum
377 1170 469 1231 altero
493 1172 570 1231 idern
595 1173 761 1254 macrior,
789 1183 819 1233 et
842 1175 868 1233 si
891 1172 965 1232 alter
990 1169 1082 1247 [idem
1106 1173 1138 1232 m
1161 1171 1206 1248 er]
1232 1190 1321 1249 aeger

175 1285 231 1356 est,
256 1295 294 1337 ne
319 1279 382 1337 sine
406 1296 478 1337 cane
502 1297 572 1356 grex
598 1283 645 1341 sit.

263 1383 337 1444 Cum
374 1385 631 1468 circumspiceret,
667 1386 778 1466 nequid
815 1388 1022 1465 praeterisset,
1060 1384 1122 1444 Hoc
1160 1384 1319 1466 silentium,

143 1500 164 1540 1⁰
176 1491 304 1571 inquam,
328 1498 412 1550 vocat
436 1491 525 1551 alium
549 1492 584 1552 ad
609 1502 717 1571 partes.
763 1493 887 1552 relicum
912 1494 990 1552 enim
1014 1494 1044 1551 in
1072 1491 1128 1552 hoo
1148 1500 1225 1572 actu,
1249 1493 1365 1570 quotX

176 1605 205 1657 et
238 1597 317 1676 quod
350 1616 443 1676 genus
477 1600 536 1659 sint
568 1598 696 1659 habendi
729 1607 872 1679 pastores.
926 1599 1090 1678 Cossinius,
1123 1598 1167 1658 Ad
1196 1601 1322 1658 maiores

176 1704 305 1780 pecudes
334 1712 428 1765 aetate
458 1707 643 1786 superiores,
671 1707 706 1766 ad
734 1709 865 1766 minores
895 1709 982 1766 etiam
1006 1724 1128 1786 pueroS,
1158 1704 1216 1782 [ut]
1242 1714 1322 1765 utro-

176 1828 232 1888 que
257 1810 365 1870 horum
389 1812 544 1893 firmiores,
568 1814 673 1891 quiin
697 1812 820 1873 callibus
844 1821 1009 1892 versentur,
1034 1831 1121 1891 quam
1146 1831 1196 1873 eos
1221 1814 1323 1890 quiin

176 1917 267 1977 lundo
296 1917 404 1978 cotidie
432 1918 468 1978 ad
499 1918 595 1979 villam
623 1920 753 1979 redeant.
799 1921 899 1997 itaque
923 1922 952 1979 in
978 1919 1102 1979 saltibus
1127 1919 1198 1979 licet
1221 1919 1321 1978 videre

123 2031 156 2072 1⁵
176 2025 371 2106 iuventutem,
396 2034 425 2085 et
448 2045 512 2086 eam
536 2027 598 2086 fere
622 2034 772 2106 armatam,
797 2044 864 2085 cum
884 2028 915 2086 in
934 2026 1034 2085 fundis
1053 2044 1112 2085 non
1132 2027 1218 2086 modo
1238 2028 1324 2104 pueri

175 2131 227 2192 sed
256 2134 344 2192 etiarn
374 2132 488 2211 puellae
516 2140 647 2212 pascant.
693 2135 743 2211 qni
770 2141 910 2213 pascunt,
939 2151 990 2193 eos
1018 2151 1124 2210 cogere
1148 2140 1265 2212 oportet
1288 2134 1350 2193 in2

174 2240 312 2316 pastione
336 2239 415 2299 diem
438 2248 532 2300 totum
558 2258 632 2317 esse,
655 2257 778 2318 pascere
798 2242 1003 2320 communiter,
1027 2247 1129 2299 contra
1148 2247 1324 2318 pernoctare

173 2346 212 2406 ad
233 2365 321 2407 suum
341 2365 488 2426 quemque
509 2365 643 2426 gregem:
667 2365 732 2407 esse
753 2365 856 2408 omnes
876 2347 930 2408 sub
950 2365 1009 2407 uno
1029 2348 1170 2425 magistro
1190 2348 1325 2424 pecoris:

174 2472 245 2513 eum
275 2472 342 2513 esse
370 2456 511 2514 maiorem
539 2463 611 2515 natu
639 2457 739 2533 potius
767 2473 854 2532 quarn
884 2454 956 2514 alios
985 2461 1015 2514 et
1042 2455 1214 2532 peritiorem
1238 2471 1324 2532 quam

114 2560 148 2601 ²⁰
172 2561 319 2641 reliquos,
343 2561 423 2639 quod
446 2563 472 2620 is
497 2563 547 2639 qui
571 2568 666 2621 aetate
690 2570 719 2621 et
743 2563 867 2623 scientia
889 2568 1042 2640 praestant
1065 2563 1162 2621 animo
1186 2562 1326 2639 aequiore

181 2836 190 2846 ·
231 2772 248 2820 3
285 2764 335 2819 ubi
367 2764 475 2821 bestiae
511 2766 559 2820 Bo
591 2767 640 2819 ubi
675 2767 784 2820 uertice
822 2768 851 2820 P
885 2768 1002 2834 urestie,
1034 2775 1066 2823 ut
1101 2770 1221 2835 uidetur,
1258 2785 1326 2824 corr.

166 2847 304 2927 tresue
318 2874 345 2925 a
400 2870 540 2927 aarum
558 2872 601 2925 nn
616 2871 676 2925 nn
694 2871 800 2926 accras
816 2871 852 2926 ns
873 2873 900 2926 V
952 2871 1159 2942 anyoemar
1213 2874 1326 2942 gragio

166 2977 263 3030 grege
284 2960 374 3015 PAB
439 2961 528 3016 6duo
547 2961 636 3015 PAB
656 2962 759 3015 duoso
818 2960 969 3015 foeminam
994 2962 1020 3014 V
1076 2960 1249 3015 adsiduiores
1269 2962 1327 3014 PA

166 3050 349 3106 assiduiores
362 3050 410 3104 Bo
465 3056 479 3104 7
500 3051 614 3116 fortasse
634 3051 708 3118 quod
727 3067 790 3103 cum
809 3051 899 3105 altero
918 3050 986 3104 item
1005 3051 1039 3103 fit
1056 3050 1128 3105 alter
1147 3049 1237 3105 aerior
1256 3053 1285 3104 et
1304 3051 1327 3104 si

169 3142 318 3196 alteruter
341 3157 425 3208 aeger
448 3140 492 3192 est
563 3141 592 3192 et
615 3140 638 3193 si
661 3138 732 3193 alter
755 3139 829 3192 uide'
854 3140 916 3193 fiter
940 3156 1025 3208 aeger
1049 3141 1092 3193 est
1111 3139 1140 3193 P
1162 3140 1192 3194 et
1214 3139 1238 3193 si
1256 3141 1328 3194 alter

172 3228 248 3282 uide
269 3227 338 3282 siter
357 3243 440 3296 aeger
459 3229 502 3282 est
519 3226 580 3282 AB
599 3228 651 3282 etsi
670 3228 742 3282 alter
760 3245 845 3297 aeger
864 3230 907 3281 est
924 3245 950 3282 m
969 3230 997 3281 et
1016 3227 1039 3282 si
1052 3228 1125 3282 alter
1137 3228 1329 3283 indesinenter

169 3327 266 3387 aeger
285 3319 329 3369 est
347 3333 371 3370 o.
410 3316 500 3370 ‘Haec
518 3322 596 3371 uetus
614 3323 653 3371 est
671 3318 757 3383 lectio,
775 3334 844 3386 quac
862 3335 895 3370 ue
914 3317 1030 3385 aliquem
1049 3318 1164 3384 falleret,
1182 3319 1215 3372 a'u
1228 3320 1328 3387 optimo

172 3407 334 3476 exemplari
351 3409 444 3459 uotam
463 3407 617 3474 adpositam
635 3407 751 3460 ilabebat
765 3427 774 3459 .·
790 3404 826 3458 Et
844 3406 867 3460 si
886 3404 959 3459 alter
976 3405 1071 3459 uidem
1089 3407 1152 3460 fiter
1170 3423 1255 3474 aeger
1273 3407 1326 3460 est’

180 3491 383 3550 Victoriuset
402 3495 425 3548 si
443 3494 576 3567 alteruter
595 3511 679 3565 aeger
698 3498 742 3549 est
760 3495 1032 3557 coniecitVahleuus
1050 3497 1127 3564 apud
1145 3495 1328 3562 Zahlfaldtum

172 3589 283 3649 quaeat.
310 3584 369 3637 crit.
389 3584 421 3636 u'u
445 3583 524 3640 Varr.
543 3601 594 3639 rer.
614 3591 681 3641 rust.
704 3586 763 3638 lter.
778 3601 809 3653 p.
828 3589 876 3639 28.
950 3589 1019 3638 Sne
1039 3585 1097 3639 sine
1120 3585 1174 3638 VB
1192 3583 1282 3638 uisine
1301 3584 1328 3637 A

255 3679 271 3727 9
296 3690 359 3726 cum
383 3671 608 3742 circumspiceret
631 3673 740 3727 Atticus
765 3673 919 3728 Iucuudus.
957 3674 999 3726 De
1022 3673 1180 3743 pastoribus
1203 3675 1235 3727 a'u
1256 3690 1327 3727 mor-

161 3760 247 3824 .9iuc
264 3763 377 3816 rubrica
395 3761 422 3814 A
505 3760 767 3832 circunspiceretV
835 3763 1026 3831 praeterisset]
1045 3762 1178 3830 pterisset
1195 3763 1223 3817 A
1296 3769 1329 3816 10

176 3843 299 3917 inquam
314 3853 396 3906 uocat
410 3849 496 3904 aliurn
512 3850 657 3905 Iucundos
670 3850 756 3918 inqua
770 3850 941 3905 uocabulum
954 3851 981 3904 V
990 3851 1077 3919 inqua
1090 3852 1258 3906 uocabulum
1270 3852 1329 3905 AB

257 3939 373 3995 relicum
390 3940 481 3993 PAB
500 3937 639 4008 reliquum
657 3957 673 3993 o
746 3941 815 4007 quot
833 3940 862 3993 et
880 3939 955 4007 quod
973 3957 1061 4009 genus
1080 3941 1189 4015 equod
1208 3943 1237 3994 et
1256 3941 1329 4007 quod

181 4040 272 4092 genus
291 4028 384 4084 PAB
457 4035 488 4082 11
510 4028 652 4084 Cossinius
670 4046 686 4082 o
707 4029 828 4084 cosinius
848 4028 942 4082 PAB
1010 4030 1039 4081 et
1057 4029 1093 4081 ad
1111 4028 1230 4081 maiores
1248 4045 1329 4095 pecu·

182 4109 325 4173 desotate
339 4119 368 4174 A
385 4118 420 4171 ad
435 4117 554 4172 maiores
573 4118 693 4186 pecudes
709 4121 738 4172 et
752 4119 844 4172 aetate
858 4134 886 4171 u
941 4122 973 4169 12
993 4117 1021 4170 et
1034 4117 1152 4182 utroque
1167 4115 1327 4172 Iucundum
1429 4186 1432 4191 .

177 4200 301 4265 fortun
318 4209 451 4275 utrosque
508 4213 541 4260 14
561 4206 664 4261 cotidie
678 4207 737 4260 AB
756 4206 882 4274 quotidie
895 4205 922 4258 V
973 4210 1005 4258 19
1026 4205 1055 4257 et
1072 4202 1261 4273 peritioremo
1281 4204 1329 4259 sed

176 4290 346 4355 peritiorem
368 4297 426 4349 PB
445 4299 479 4368 ε’]
498 4296 662 4365 peritiorem
681 4297 709 4349 A
783 4302 817 4350 20
836 4295 910 4364 quod
929 4295 952 4348 is
978 4293 1034 4347 VB
1055 4294 1129 4362 quod
1147 4293 1190 4347 his
1209 4296 1236 4347 A
1255 4295 1330 4362 quod

172 4372 240 4516 {113
263 4402 291 4440 m
314 4427 320 4440 .
342 4387 458 4454 fortasse
481 4386 555 4454 quod
583 4385 609 4439 ei
637 4384 686 4454 qui
712 4418 742 4425 —
767 4386 893 4455 praestat
999 4383 1145 4454 praestant
1171 4384 1230 4437 Aua
1252 4400 1330 4453 prae·

168 4477 224 4514 oa
269 4474 324 4528 VB

229 4563 307 4616 OAuo
320 4585 352 4615 nn
367 4585 427 4615 sorr
441 4584 461 4615 a.
1086 4568 1117 4619 ll
