<?xml version="1.0" encoding="UTF-8"?>
<!DOCTYPE html PUBLIC "-//W3C//DTD XHTML 1.0 Transitional//EN"
    "http://www.w3.org/TR/xhtml1/DTD/xhtml1-transitional.dtd">
<html xmlns="http://www.w3.org/1999/xhtml" xml:lang="en" lang="en">
 <head>
  <title>
</title>
<meta http-equiv="Content-Type" content="text/html;charset=utf-8" />
  <meta name='ocr-system' content='tesseract 3.04.00' />
  <meta name='ocr-capabilities' content='ocr_page ocr_carea ocr_par ocr_line ocrx_word'/>
</head>
<body>
  <div class='ocr_page' id='page_1' title='image "./mporcicatonisde01keilgoog_0113.png"; bbox 0 0 3000 5026; ppageno 0'>
   <div class='ocr_carea' id='block_1_1' title="bbox 95 286 860 370">
    <p class='ocr_par' dir='ltr' id='par_1_1' title="bbox 95 286 860 370">
     <span class='ocr_line' id='line_1_1' title="bbox 95 286 860 370; baseline 0.004 -30"><span class='ocrx_word' id='word_1_1' title='bbox 95 313 98 319; x_wconf 94' lang='lat'>-</span> <span class='ocrx_word' id='word_1_2' title='bbox 171 291 213 354; x_wconf 82' lang='lat'><strong>88</strong></span> <span class='ocrx_word' id='word_1_3' title='bbox 659 286 818 370; x_wconf 73' lang='lat' dir='ltr'><strong>erroris</strong></span> <span class='ocrx_word' id='word_1_4' title='bbox 856 343 860 352; x_wconf 74' lang='grc'><strong>,</strong></span> 
     </span>
    </p>
   </div>
   <div class='ocr_carea' id='block_1_2' title="bbox 71 453 1362 1711">
    <p class='ocr_par' dir='ltr' id='par_1_2' title="bbox 71 453 1362 1711">
     <span class='ocr_line' id='line_1_2' title="bbox 172 453 1314 533; baseline -0.004 -16"><span class='ocrx_word' id='word_1_5' title='bbox 172 456 414 517; x_wconf 87' lang='lat' dir='ltr'><strong>suovitaurilibus</strong></span> <span class='ocrx_word' id='word_1_6' title='bbox 439 455 616 515; x_wconf 89' lang='lat' dir='ltr'><strong>lactentibus</strong></span> <span class='ocrx_word' id='word_1_7' title='bbox 642 454 819 514; x_wconf 80' lang='lat' dir='ltr'><strong>inmolanrlIs</strong></span> <span class='ocrx_word' id='word_1_8' title='bbox 843 462 920 515; x_wconf 89' lang='lat' dir='ltr'><strong>esto:</strong></span> <span class='ocrx_word' id='word_1_9' title='bbox 949 453 1026 514; x_wconf 87' lang='lat' dir='ltr'><strong>Mars</strong></span> <span class='ocrx_word' id='word_1_10' title='bbox 1054 463 1152 533; x_wconf 88' lang='lat' dir='ltr'><strong>pater,</strong></span> <span class='ocrx_word' id='word_1_11' title='bbox 1180 453 1314 514; x_wconf 85' lang='lat' dir='ltr'><strong>eIusdem</strong></span> 
     </span>
     <span class='ocr_line' id='line_1_3' title="bbox 134 556 1313 642; baseline -0.001 -22"><span class='ocrx_word' id='word_1_12' title='bbox 134 565 153 620; x_wconf 84' lang='grc'>4</span> <span class='ocrx_word' id='word_1_13' title='bbox 174 567 217 625; x_wconf 93' lang='lat' dir='ltr'><strong>rei</strong></span> <span class='ocrx_word' id='word_1_14' title='bbox 229 583 298 642; x_wconf 81' lang='lat' dir='ltr'><strong>ergo</strong></span> <span class='ocrx_word' id='word_1_15' title='bbox 310 571 404 624; x_wconf 85' lang='lat' dir='ltr'><strong>macte</strong></span> <span class='ocrx_word' id='word_1_16' title='bbox 416 562 496 622; x_wconf 84' lang='lat' dir='ltr'><strong>hisee</strong></span> <span class='ocrx_word' id='word_1_17' title='bbox 508 561 750 622; x_wconf 88' lang='lat' dir='ltr'><strong>suovitaurilibus</strong></span> <span class='ocrx_word' id='word_1_18' title='bbox 766 561 943 621; x_wconf 87' lang='lat' dir='ltr'><strong>lactentibus</strong></span> <span class='ocrx_word' id='word_1_19' title='bbox 954 556 1038 621; x_wconf 87' lang='lat' dir='ltr'><strong>esto&#39;.</strong></span> <span class='ocrx_word' id='word_1_20' title='bbox 1057 563 1128 621; x_wconf 88' lang='lat' dir='ltr'><strong>item</strong></span> <span class='ocrx_word' id='word_1_21' title='bbox 1140 559 1218 638; x_wconf 88' lang='lat' dir='ltr'><strong>[esto</strong></span> <span class='ocrx_word' id='word_1_22' title='bbox 1229 558 1313 636; x_wconf 90' lang='lat' dir='ltr'><strong>item]</strong></span> 
     </span>
     <span class='ocr_line' id='line_1_4' title="bbox 174 666 1314 746; baseline -0.005 -14"><span class='ocrx_word' id='word_1_23' title='bbox 174 672 269 732; x_wconf 86' lang='lat' dir='ltr'><strong>cultro</strong></span> <span class='ocrx_word' id='word_1_24' title='bbox 285 671 386 731; x_wconf 82' lang='lat' dir='ltr'><strong>facito:</strong></span> <span class='ocrx_word' id='word_1_25' title='bbox 415 679 528 730; x_wconf 80' lang='lat' dir='ltr'><strong>struem</strong></span> <span class='ocrx_word' id='word_1_26' title='bbox 543 676 573 728; x_wconf 92' lang='lat' dir='ltr'><strong>et</strong></span> <span class='ocrx_word' id='word_1_27' title='bbox 588 669 696 727; x_wconf 88' lang='lat' dir='ltr'><strong>sertum</strong></span> <span class='ocrx_word' id='word_1_28' title='bbox 712 669 756 727; x_wconf 93' lang='lat' dir='ltr'><strong>uti</strong></span> <span class='ocrx_word' id='word_1_29' title='bbox 771 667 873 746; x_wconf 82' lang='lat' dir='ltr'><strong>adstet,</strong></span> <span class='ocrx_word' id='word_1_30' title='bbox 898 667 965 727; x_wconf 75' lang='lat' dir='ltr'><strong>iurle</strong></span> <span class='ocrx_word' id='word_1_31' title='bbox 981 666 1144 727; x_wconf 82' lang='lat' dir='ltr'><strong>obmoveto.</strong></span> <span class='ocrx_word' id='word_1_32' title='bbox 1182 666 1234 726; x_wconf 93' lang='lat' dir='ltr'><strong>ubi</strong></span> <span class='ocrx_word' id='word_1_33' title='bbox 1249 685 1314 746; x_wconf 92' lang='lat' dir='ltr'><strong>por·</strong></span> 
     </span>
     <span class='ocr_line' id='line_1_5' title="bbox 174 769 1316 856; baseline -0.004 -19"><span class='ocrx_word' id='word_1_34' title='bbox 174 797 241 838; x_wconf 86' lang='lat' dir='ltr'><strong>eum</strong></span> <span class='ocrx_word' id='word_1_35' title='bbox 265 776 434 856; x_wconf 89' lang='lat' dir='ltr'><strong>inmolabis,</strong></span> <span class='ocrx_word' id='word_1_36' title='bbox 459 793 567 854; x_wconf 85' lang='lat' dir='ltr'><strong>agnum</strong></span> <span class='ocrx_word' id='word_1_37' title='bbox 591 773 788 854; x_wconf 88' lang='lat' dir='ltr'><strong>vitulumque,</strong></span> <span class='ocrx_word' id='word_1_38' title='bbox 812 776 856 834; x_wconf 87' lang='lat' dir='ltr'><strong>sic</strong></span> <span class='ocrx_word' id='word_1_39' title='bbox 880 781 1011 853; x_wconf 81' lang='lat' dir='ltr'><strong>oportet,</strong></span> <span class='ocrx_word' id='word_1_40' title='bbox 1035 769 1171 853; x_wconf 74' lang='lat' dir='ltr'><strong>‘eiusque</strong></span> <span class='ocrx_word' id='word_1_41' title='bbox 1186 776 1231 834; x_wconf 89' lang='lat' dir='ltr'><strong>rei</strong></span> <span class='ocrx_word' id='word_1_42' title='bbox 1246 792 1316 852; x_wconf 82' lang='lat' dir='ltr'><strong>ergo</strong></span> 
     </span>
     <span class='ocr_line' id='line_1_6' title="bbox 174 876 1342 960; baseline -0.003 -15"><span class='ocrx_word' id='word_1_43' title='bbox 174 893 268 945; x_wconf 83' lang='lat' dir='ltr'><strong>macte</strong></span> <span class='ocrx_word' id='word_1_44' title='bbox 292 881 535 944; x_wconf 86' lang='lat' dir='ltr'><strong>suovitaurilibus</strong></span> <span class='ocrx_word' id='word_1_45' title='bbox 558 881 734 941; x_wconf 84' lang='lat' dir='ltr'><strong>inmolandIs</strong></span> <span class='ocrx_word' id='word_1_46' title='bbox 759 876 843 942; x_wconf 87' lang='lat' dir='ltr'><strong>esto&#39;.</strong></span> <span class='ocrx_word' id='word_1_47' title='bbox 867 877 890 960; x_wconf 84' lang='lat'>†</span> <span class='ocrx_word' id='word_1_48' title='bbox 914 883 1066 942; x_wconf 89' lang='lat' dir='ltr'><strong>nominare</strong></span> <span class='ocrx_word' id='word_1_49' title='bbox 1091 889 1169 941; x_wconf 86' lang='lat' dir='ltr'><strong>vetat</strong></span> <span class='ocrx_word' id='word_1_50' title='bbox 1192 879 1342 942; x_wconf 83' lang='lat' dir='ltr'><strong>Martems</strong></span> 
     </span>
     <span class='ocr_line' id='line_1_7' title="bbox 174 986 1317 1074; baseline -0.003 -23"><span class='ocrx_word' id='word_1_51' title='bbox 174 1009 270 1070; x_wconf 86' lang='lat' dir='ltr'><strong>neque</strong></span> <span class='ocrx_word' id='word_1_52' title='bbox 299 1009 407 1074; x_wconf 82' lang='lat' dir='ltr'><strong>agnum</strong></span> <span class='ocrx_word' id='word_1_53' title='bbox 435 990 628 1068; x_wconf 88' lang='lat' dir='ltr'><strong>vitulumque.</strong></span> <span class='ocrx_word' id='word_1_54' title='bbox 672 990 697 1048; x_wconf 92' lang='lat' dir='ltr'><strong>si</strong></span> <span class='ocrx_word' id='word_1_55' title='bbox 721 990 819 1048; x_wconf 90' lang='lat' dir='ltr'><strong>miuus</strong></span> <span class='ocrx_word' id='word_1_56' title='bbox 846 989 877 1048; x_wconf 89' lang='lat' dir='ltr'><strong>in</strong></span> <span class='ocrx_word' id='word_1_57' title='bbox 901 991 996 1048; x_wconf 89' lang='lat' dir='ltr'><strong>omnis</strong></span> <span class='ocrx_word' id='word_1_58' title='bbox 1020 989 1130 1069; x_wconf 79' lang='lat' dir='ltr'><strong>litabit,</strong></span> <span class='ocrx_word' id='word_1_59' title='bbox 1160 990 1203 1048; x_wconf 84' lang='lat' dir='ltr'><strong>sic</strong></span> <span class='ocrx_word' id='word_1_60' title='bbox 1228 986 1317 1048; x_wconf 88' lang='lat' dir='ltr'><strong>verba</strong></span> 
     </span>
     <span class='ocr_line' id='line_1_8' title="bbox 175 1092 1317 1178; baseline -0.002 -21"><span class='ocrx_word' id='word_1_61' title='bbox 175 1097 336 1178; x_wconf 86' lang='lat' dir='ltr'><strong>eouoIpito,</strong></span> <span class='ocrx_word' id='word_1_62' title='bbox 360 1092 449 1158; x_wconf 78' lang='lat' dir='ltr'><strong>‘Mars</strong></span> <span class='ocrx_word' id='word_1_63' title='bbox 473 1105 571 1176; x_wconf 82' lang='lat' dir='ltr'><strong>puter,</strong></span> <span class='ocrx_word' id='word_1_64' title='bbox 596 1096 693 1174; x_wconf 89' lang='lat' dir='ltr'><strong>siquid</strong></span> <span class='ocrx_word' id='word_1_65' title='bbox 718 1095 773 1155; x_wconf 91' lang='lat' dir='ltr'><strong>tibi</strong></span> <span class='ocrx_word' id='word_1_66' title='bbox 796 1098 826 1155; x_wconf 88' lang='lat' dir='ltr'><strong>in</strong></span> <span class='ocrx_word' id='word_1_67' title='bbox 841 1095 934 1156; x_wconf 84' lang='lat' dir='ltr'><strong>illisce</strong></span> <span class='ocrx_word' id='word_1_68' title='bbox 950 1095 1193 1157; x_wconf 88' lang='lat' dir='ltr'><strong>suovitaurilibus</strong></span> <span class='ocrx_word' id='word_1_69' title='bbox 1207 1095 1317 1156; x_wconf 86' lang='lat' dir='ltr'><strong>laeten-</strong></span> 
     </span>
     <span class='ocr_line' id='line_1_9' title="bbox 175 1198 1319 1284; baseline -0.003 -18"><span class='ocrx_word' id='word_1_70' title='bbox 175 1204 256 1266; x_wconf 86' lang='lat' dir='ltr'><strong>tibus</strong></span> <span class='ocrx_word' id='word_1_71' title='bbox 280 1224 377 1284; x_wconf 89' lang='lat' dir='ltr'><strong>neque</strong></span> <span class='ocrx_word' id='word_1_72' title='bbox 401 1206 585 1265; x_wconf 80' lang='lat' dir='ltr'><strong>satisfactum</strong></span> <span class='ocrx_word' id='word_1_73' title='bbox 609 1211 667 1283; x_wconf 92' lang='lat' dir='ltr'><strong>est,</strong></span> <span class='ocrx_word' id='word_1_74' title='bbox 691 1210 720 1262; x_wconf 88' lang='lat' dir='ltr'><strong>te</strong></span> <span class='ocrx_word' id='word_1_75' title='bbox 743 1203 826 1263; x_wconf 86' lang='lat' dir='ltr'><strong>blsoe</strong></span> <span class='ocrx_word' id='word_1_76' title='bbox 850 1203 1093 1264; x_wconf 88' lang='lat' dir='ltr'><strong>suovitauriIibus</strong></span> <span class='ocrx_word' id='word_1_77' title='bbox 1117 1198 1255 1282; x_wconf 89' lang='lat' dir='ltr'><strong>piaculo’.</strong></span> <span class='ocrx_word' id='word_1_78' title='bbox 1293 1204 1319 1262; x_wconf 92' lang='lat' dir='ltr'><strong>si</strong></span> 
     </span>
     <span class='ocr_line' id='line_1_10' title="bbox 176 1307 1317 1391; baseline -0.002 -18"><span class='ocrx_word' id='word_1_79' title='bbox 176 1332 235 1373; x_wconf 82' lang='lat' dir='ltr'><strong>urm</strong></span> <span class='ocrx_word' id='word_1_80' title='bbox 259 1311 411 1372; x_wconf 90' lang='lat' dir='ltr'><strong>duobusve</strong></span> <span class='ocrx_word' id='word_1_81' title='bbox 436 1310 594 1390; x_wconf 86' lang='lat' dir='ltr'><strong>dubitavit,</strong></span> <span class='ocrx_word' id='word_1_82' title='bbox 623 1312 665 1370; x_wconf 87' lang='lat' dir='ltr'><strong>siu</strong></span> <span class='ocrx_word' id='word_1_83' title='bbox 695 1310 782 1369; x_wconf 87' lang='lat' dir='ltr'><strong>verba</strong></span> <span class='ocrx_word' id='word_1_84' title='bbox 807 1312 969 1391; x_wconf 85' lang='lat' dir='ltr'><strong>coneipito,</strong></span> <span class='ocrx_word' id='word_1_85' title='bbox 999 1307 1088 1370; x_wconf 80' lang='lat' dir='ltr'><strong>‘Mars</strong></span> <span class='ocrx_word' id='word_1_86' title='bbox 1111 1320 1210 1391; x_wconf 91' lang='lat' dir='ltr'><strong>pater,</strong></span> <span class='ocrx_word' id='word_1_87' title='bbox 1240 1311 1317 1389; x_wconf 89' lang='lat' dir='ltr'><strong>quod</strong></span> 
     </span>
     <span class='ocr_line' id='line_1_11' title="bbox 176 1412 1362 1497; baseline -0.003 -18"><span class='ocrx_word' id='word_1_88' title='bbox 176 1419 230 1479; x_wconf 92' lang='lat' dir='ltr'><strong>tibi</strong></span> <span class='ocrx_word' id='word_1_89' title='bbox 252 1419 323 1479; x_wconf 87' lang='lat' dir='ltr'><strong>illuc</strong></span> <span class='ocrx_word' id='word_1_90' title='bbox 346 1437 438 1497; x_wconf 88' lang='lat' dir='ltr'><strong>porco</strong></span> <span class='ocrx_word' id='word_1_91' title='bbox 462 1435 558 1496; x_wconf 84' lang='lat' dir='ltr'><strong>neque</strong></span> <span class='ocrx_word' id='word_1_92' title='bbox 583 1416 766 1476; x_wconf 83' lang='lat' dir='ltr'><strong>satisfactum</strong></span> <span class='ocrx_word' id='word_1_93' title='bbox 791 1422 849 1497; x_wconf 90' lang='lat' dir='ltr'><strong>est,</strong></span> <span class='ocrx_word' id='word_1_94' title='bbox 873 1424 902 1477; x_wconf 90' lang='lat' dir='ltr'><strong>te</strong></span> <span class='ocrx_word' id='word_1_95' title='bbox 925 1417 981 1478; x_wconf 87' lang='lat' dir='ltr'><strong>hoe</strong></span> <span class='ocrx_word' id='word_1_96' title='bbox 1005 1436 1095 1496; x_wconf 87' lang='lat' dir='ltr'><strong>porco</strong></span> <span class='ocrx_word' id='word_1_97' title='bbox 1119 1412 1257 1496; x_wconf 70' lang='lat' dir='ltr'><strong>piaculo.⁹</strong></span> <span class='ocrx_word' id='word_1_98' title='bbox 1331 1439 1362 1476; x_wconf 66' lang='lat' dir='ltr'><strong>rs</strong></span> 
     </span>
     <span class='ocr_line' id='line_1_12' title="bbox 71 1524 1318 1604; baseline -0.002 -19"><span class='ocrx_word' id='word_1_99' title='bbox 71 1528 161 1585; x_wconf 80' lang='lat' dir='ltr'><strong>exult</strong></span> <span class='ocrx_word' id='word_1_100' title='bbox 270 1524 353 1585; x_wconf 86' lang='lat' dir='ltr'><strong>Vilici</strong></span> <span class='ocrx_word' id='word_1_101' title='bbox 377 1525 474 1585; x_wconf 84' lang='lat' dir='ltr'><strong>officia</strong></span> <span class='ocrx_word' id='word_1_102' title='bbox 489 1541 563 1602; x_wconf 88' lang='lat' dir='ltr'><strong>quae</strong></span> <span class='ocrx_word' id='word_1_103' title='bbox 584 1531 661 1583; x_wconf 90' lang='lat' dir='ltr'><strong>suut.</strong></span> <span class='ocrx_word' id='word_1_104' title='bbox 695 1542 770 1602; x_wconf 87' lang='lat' dir='ltr'><strong>qrrae</strong></span> <span class='ocrx_word' id='word_1_105' title='bbox 785 1524 923 1584; x_wconf 87' lang='lat' dir='ltr'><strong>domiuus</strong></span> <span class='ocrx_word' id='word_1_106' title='bbox 942 1527 1136 1604; x_wconf 77' lang='lat' dir='ltr'><strong>praeceperit,</strong></span> <span class='ocrx_word' id='word_1_107' title='bbox 1160 1542 1193 1584; x_wconf 89' lang='lat' dir='ltr'><strong>ea</strong></span> <span class='ocrx_word' id='word_1_108' title='bbox 1214 1525 1318 1604; x_wconf 91' lang='lat' dir='ltr'><strong>omnia,</strong></span> 
     </span>
     <span class='ocr_line' id='line_1_13' title="bbox 177 1632 1317 1711; baseline -0.003 -19"><span class='ocrx_word' id='word_1_109' title='bbox 177 1650 251 1711; x_wconf 90' lang='lat' dir='ltr'><strong>quae</strong></span> <span class='ocrx_word' id='word_1_110' title='bbox 276 1633 306 1691; x_wconf 88' lang='lat' dir='ltr'><strong>in</strong></span> <span class='ocrx_word' id='word_1_111' title='bbox 330 1633 422 1692; x_wconf 81' lang='lat' dir='ltr'><strong>burdo</strong></span> <span class='ocrx_word' id='word_1_112' title='bbox 446 1633 511 1692; x_wconf 90' lang='lat' dir='ltr'><strong>lieri</strong></span> <span class='ocrx_word' id='word_1_113' title='bbox 535 1638 652 1710; x_wconf 89' lang='lat' dir='ltr'><strong>oportet</strong></span> <span class='ocrx_word' id='word_1_114' title='bbox 676 1648 810 1709; x_wconf 85' lang='lat' dir='ltr'><strong>quaeque</strong></span> <span class='ocrx_word' id='word_1_115' title='bbox 840 1633 897 1690; x_wconf 92' lang='lat' dir='ltr'><strong>emi</strong></span> <span class='ocrx_word' id='word_1_116' title='bbox 920 1632 1078 1709; x_wconf 90' lang='lat' dir='ltr'><strong>pararique</strong></span> <span class='ocrx_word' id='word_1_117' title='bbox 1102 1637 1233 1710; x_wconf 87' lang='lat' dir='ltr'><strong>oportet,</strong></span> <span class='ocrx_word' id='word_1_118' title='bbox 1261 1649 1317 1710; x_wconf 91' lang='lat' dir='ltr'><strong>quo</strong></span> 
     </span>
    </p>
   </div>
   <div class='ocr_carea' id='block_1_3' title="bbox 250 1839 576 1895">
    <p class='ocr_par' dir='ltr' id='par_1_3' title="bbox 250 1839 576 1895">
     <span class='ocr_line' id='line_1_14' title="bbox 250 1839 576 1895; baseline 0.006 -2"><span class='ocrx_word' id='word_1_119' title='bbox 250 1846 280 1894; x_wconf 90' lang='lat'><strong>11</strong></span> <span class='ocrx_word' id='word_1_120' title='bbox 302 1839 385 1894; x_wconf 86' lang='lat' dir='ltr'><strong>Vilici</strong></span> <span class='ocrx_word' id='word_1_121' title='bbox 405 1839 498 1895; x_wconf 84' lang='lat' dir='ltr'><strong>offfcia</strong></span> <span class='ocrx_word' id='word_1_122' title='bbox 518 1857 538 1895; x_wconf 83' lang='lat' dir='ltr'><strong>e.</strong></span> <span class='ocrx_word' id='word_1_123' title='bbox 560 1846 576 1895; x_wconf 88' lang='lat'><strong><em>5</em></strong></span> 
     </span>
    </p>
   </div>
   <div class='ocr_carea' id='block_1_4' title="bbox 77 2033 1330 3787">
    <p class='ocr_par' dir='ltr' id='par_1_4' title="bbox 77 2033 1330 3787">
     <span class='ocr_line' id='line_1_15' title="bbox 177 2033 1319 2102; baseline -0.002 -12"><span class='ocrx_word' id='word_1_124' title='bbox 177 2036 250 2090; x_wconf 93' lang='lat' dir='ltr'><strong>libus</strong></span> <span class='ocrx_word' id='word_1_125' title='bbox 266 2035 294 2089; x_wconf 94' lang='lat' dir='ltr'><strong><em>P</em></strong></span> <span class='ocrx_word' id='word_1_126' title='bbox 320 2036 412 2091; x_wconf 81' lang='lat' dir='ltr'><strong>hisces</strong></span> <span class='ocrx_word' id='word_1_127' title='bbox 431 2036 497 2090; x_wconf 91' lang='lat' dir='ltr'><strong>uoui</strong></span> <span class='ocrx_word' id='word_1_128' title='bbox 515 2035 663 2090; x_wconf 81' lang='lat' dir='ltr'><strong>taurilibus</strong></span> <span class='ocrx_word' id='word_1_129' title='bbox 683 2037 754 2102; x_wconf 80' lang='lat' dir='ltr'><strong>Abs</strong></span> <span class='ocrx_word' id='word_1_130' title='bbox 777 2035 854 2088; x_wconf 80' lang='lat' dir='ltr'><strong>hisee</strong></span> <span class='ocrx_word' id='word_1_131' title='bbox 875 2033 955 2088; x_wconf 87' lang='lat' dir='ltr'><strong>suoui</strong></span> <span class='ocrx_word' id='word_1_132' title='bbox 973 2033 1100 2088; x_wconf 84' lang='lat' dir='ltr'><strong>tauribus</strong></span> <span class='ocrx_word' id='word_1_133' title='bbox 1120 2051 1134 2088; x_wconf 87' lang='lat' dir='ltr'><strong>e</strong></span> <span class='ocrx_word' id='word_1_134' title='bbox 1161 2034 1239 2090; x_wconf 84' lang='lat' dir='ltr'><strong>hisee</strong></span> <span class='ocrx_word' id='word_1_135' title='bbox 1259 2035 1319 2089; x_wconf 91' lang='lat' dir='ltr'><strong>soli·</strong></span> 
     </span>
     <span class='ocr_line' id='line_1_16' title="bbox 177 2122 1245 2190; baseline -0.002 -11"><span class='ocrx_word' id='word_1_136' title='bbox 177 2124 359 2179; x_wconf 80' lang='lat' dir='ltr'><strong>taurilibuso</strong></span> <span class='ocrx_word' id='word_1_137' title='bbox 452 2124 663 2178; x_wconf 81' lang='lat' dir='ltr'><strong>limmolandis</strong></span> <span class='ocrx_word' id='word_1_138' title='bbox 683 2124 784 2190; x_wconf 81' lang='lat' dir='ltr'><strong>PAof</strong></span> <span class='ocrx_word' id='word_1_139' title='bbox 810 2123 993 2176; x_wconf 84' lang='lat' dir='ltr'><strong>imolandise</strong></span> <span class='ocrx_word' id='word_1_140' title='bbox 1020 2122 1245 2178; x_wconf 81' lang='lat' dir='ltr'><strong>immolanduso</strong></span> 
     </span>
     <span class='ocr_line' id='line_1_17' title="bbox 178 2211 1319 2267; baseline 0.001 -1"><span class='ocrx_word' id='word_1_141' title='bbox 178 2220 194 2266; x_wconf 77' lang='lat'><strong>2</strong></span> <span class='ocrx_word' id='word_1_142' title='bbox 213 2217 304 2267; x_wconf 84' lang='lat' dir='ltr'><strong>macte</strong></span> <span class='ocrx_word' id='word_1_143' title='bbox 328 2213 405 2267; x_wconf 86' lang='lat' dir='ltr'><strong>hisee</strong></span> <span class='ocrx_word' id='word_1_144' title='bbox 425 2211 660 2266; x_wconf 82' lang='lat' dir='ltr'><strong>Suouituuriiibus</strong></span> <span class='ocrx_word' id='word_1_145' title='bbox 682 2211 852 2264; x_wconf 84' lang='lat' dir='ltr'><strong>laetentibus</strong></span> <span class='ocrx_word' id='word_1_146' title='bbox 875 2213 935 2264; x_wconf 86' lang='lat' dir='ltr'><strong>esto</strong></span> <span class='ocrx_word' id='word_1_147' title='bbox 958 2211 1028 2264; x_wconf 83' lang='lat' dir='ltr'><strong>Item</strong></span> <span class='ocrx_word' id='word_1_148' title='bbox 1052 2213 1111 2265; x_wconf 89' lang='lat' dir='ltr'><strong>esto</strong></span> <span class='ocrx_word' id='word_1_149' title='bbox 1136 2213 1206 2266; x_wconf 86' lang='lat' dir='ltr'><strong>Item</strong></span> <span class='ocrx_word' id='word_1_150' title='bbox 1233 2214 1319 2267; x_wconf 84' lang='lat' dir='ltr'><strong>cultro</strong></span> 
     </span>
     <span class='ocr_line' id='line_1_18' title="bbox 181 2298 1321 2374; baseline 0.001 -20"><span class='ocrx_word' id='word_1_151' title='bbox 181 2303 208 2354; x_wconf 96' lang='lat' dir='ltr'><strong><em>P</em></strong></span> <span class='ocrx_word' id='word_1_152' title='bbox 229 2305 320 2356; x_wconf 83' lang='lat' dir='ltr'><strong>macte</strong></span> <span class='ocrx_word' id='word_1_153' title='bbox 338 2300 428 2355; x_wconf 80' lang='lat' dir='ltr'><strong>hisces</strong></span> <span class='ocrx_word' id='word_1_154' title='bbox 446 2300 659 2355; x_wconf 83' lang='lat' dir='ltr'><strong>uouitaurilibus</strong></span> <span class='ocrx_word' id='word_1_155' title='bbox 678 2299 830 2354; x_wconf 83' lang='lat' dir='ltr'><strong>latentibus</strong></span> <span class='ocrx_word' id='word_1_156' title='bbox 850 2301 909 2374; x_wconf 83' lang='lat' dir='ltr'><strong>esto</strong></span> <span class='ocrx_word' id='word_1_157' title='bbox 928 2298 996 2354; x_wconf 84' lang='lat' dir='ltr'><strong>item</strong></span> <span class='ocrx_word' id='word_1_158' title='bbox 1018 2301 1078 2355; x_wconf 88' lang='lat' dir='ltr'><strong>esto</strong></span> <span class='ocrx_word' id='word_1_159' title='bbox 1101 2300 1171 2354; x_wconf 89' lang='lat' dir='ltr'><strong>item</strong></span> <span class='ocrx_word' id='word_1_160' title='bbox 1191 2302 1281 2356; x_wconf 83' lang='lat' dir='ltr'><strong>cultro</strong></span> <span class='ocrx_word' id='word_1_161' title='bbox 1296 2303 1321 2355; x_wconf 89' lang='lat' dir='ltr'><strong><em>A</em></strong></span> 
     </span>
     <span class='ocr_line' id='line_1_19' title="bbox 179 2387 1321 2444; baseline 0 -1"><span class='ocrx_word' id='word_1_162' title='bbox 179 2393 271 2444; x_wconf 88' lang='lat' dir='ltr'><strong>macte</strong></span> <span class='ocrx_word' id='word_1_163' title='bbox 290 2389 381 2444; x_wconf 84' lang='lat' dir='ltr'><strong>hisces</strong></span> <span class='ocrx_word' id='word_1_164' title='bbox 399 2389 465 2444; x_wconf 89' lang='lat' dir='ltr'><strong>noui</strong></span> <span class='ocrx_word' id='word_1_165' title='bbox 483 2387 631 2442; x_wconf 79' lang='lat' dir='ltr'><strong>taurilibus</strong></span> <span class='ocrx_word' id='word_1_166' title='bbox 651 2388 709 2442; x_wconf 90' lang='lat' dir='ltr'><strong>esto</strong></span> <span class='ocrx_word' id='word_1_167' title='bbox 728 2388 796 2441; x_wconf 90' lang='lat' dir='ltr'><strong>item</strong></span> <span class='ocrx_word' id='word_1_168' title='bbox 815 2389 876 2440; x_wconf 87' lang='lat' dir='ltr'><strong>esto</strong></span> <span class='ocrx_word' id='word_1_169' title='bbox 895 2388 963 2440; x_wconf 86' lang='lat' dir='ltr'><strong>item</strong></span> <span class='ocrx_word' id='word_1_170' title='bbox 983 2388 1072 2442; x_wconf 81' lang='lat' dir='ltr'><strong>cultro</strong></span> <span class='ocrx_word' id='word_1_171' title='bbox 1091 2390 1107 2443; x_wconf 91' lang='lat' dir='ltr'><strong>b</strong></span> <span class='ocrx_word' id='word_1_172' title='bbox 1135 2392 1228 2444; x_wconf 85' lang='lat' dir='ltr'><strong>macte</strong></span> <span class='ocrx_word' id='word_1_173' title='bbox 1247 2391 1321 2444; x_wconf 85' lang='lat' dir='ltr'><strong>hisee</strong></span> 
     </span>
     <span class='ocr_line' id='line_1_20' title="bbox 77 2475 1322 2547; baseline 0.001 -15"><span class='ocrx_word' id='word_1_174' title='bbox 77 2487 81 2494; x_wconf 86' lang='lat'>&#39;</span> <span class='ocrx_word' id='word_1_175' title='bbox 181 2478 261 2532; x_wconf 88' lang='lat' dir='ltr'><strong>suoui</strong></span> <span class='ocrx_word' id='word_1_176' title='bbox 278 2477 425 2532; x_wconf 84' lang='lat' dir='ltr'><strong>taurilibus</strong></span> <span class='ocrx_word' id='word_1_177' title='bbox 445 2477 615 2531; x_wconf 82' lang='lat' dir='ltr'><strong>laetentibus</strong></span> <span class='ocrx_word' id='word_1_178' title='bbox 635 2479 695 2531; x_wconf 89' lang='lat' dir='ltr'><strong>esto</strong></span> <span class='ocrx_word' id='word_1_179' title='bbox 713 2477 784 2529; x_wconf 85' lang='lat' dir='ltr'><strong>Item</strong></span> <span class='ocrx_word' id='word_1_180' title='bbox 798 2475 801 2547; x_wconf 77' lang='lat' dir='ltr'><strong>l</strong></span> <span class='ocrx_word' id='word_1_181' title='bbox 814 2476 905 2529; x_wconf 83' lang='lat' dir='ltr'><strong>cultro</strong></span> <span class='ocrx_word' id='word_1_182' title='bbox 925 2493 938 2529; x_wconf 84' lang='lat' dir='ltr'><strong>a</strong></span> <span class='ocrx_word' id='word_1_183' title='bbox 957 2479 1048 2531; x_wconf 83' lang='lat' dir='ltr'><strong>macte</strong></span> <span class='ocrx_word' id='word_1_184' title='bbox 1067 2478 1143 2532; x_wconf 84' lang='lat' dir='ltr'><strong>hisee</strong></span> <span class='ocrx_word' id='word_1_185' title='bbox 1163 2478 1322 2534; x_wconf 83' lang='lat' dir='ltr'><strong>solilaeteu·</strong></span> 
     </span>
     <span class='ocr_line' id='line_1_21' title="bbox 180 2565 1324 2625; baseline 0.001 -3"><span class='ocrx_word' id='word_1_186' title='bbox 180 2568 256 2622; x_wconf 91' lang='lat' dir='ltr'><strong>tibus</strong></span> <span class='ocrx_word' id='word_1_187' title='bbox 276 2565 425 2621; x_wconf 87' lang='lat' dir='ltr'><strong>taurilibus</strong></span> <span class='ocrx_word' id='word_1_188' title='bbox 445 2567 505 2619; x_wconf 90' lang='lat' dir='ltr'><strong>esto</strong></span> <span class='ocrx_word' id='word_1_189' title='bbox 525 2567 595 2619; x_wconf 88' lang='lat' dir='ltr'><strong>Item</strong></span> <span class='ocrx_word' id='word_1_190' title='bbox 614 2565 673 2619; x_wconf 88' lang='lat' dir='ltr'><strong>esto</strong></span> <span class='ocrx_word' id='word_1_191' title='bbox 694 2565 764 2618; x_wconf 88' lang='lat' dir='ltr'><strong>Item</strong></span> <span class='ocrx_word' id='word_1_192' title='bbox 784 2565 873 2619; x_wconf 85' lang='lat' dir='ltr'><strong>cultro</strong></span> <span class='ocrx_word' id='word_1_193' title='bbox 892 2583 908 2619; x_wconf 89' lang='lat' dir='ltr'><strong>o</strong></span> <span class='ocrx_word' id='word_1_194' title='bbox 1009 2572 1024 2618; x_wconf 88' lang='lat'><strong>3</strong></span> <span class='ocrx_word' id='word_1_195' title='bbox 1043 2565 1128 2620; x_wconf 82' lang='lat' dir='ltr'><strong>facite</strong></span> <span class='ocrx_word' id='word_1_196' title='bbox 1148 2583 1217 2625; x_wconf 76' lang='lat' dir='ltr'><strong>corr,</strong></span> <span class='ocrx_word' id='word_1_197' title='bbox 1238 2571 1279 2623; x_wconf 89' lang='lat' dir='ltr'><strong>-to</strong></span> <span class='ocrx_word' id='word_1_198' title='bbox 1297 2570 1324 2622; x_wconf 86' lang='lat' dir='ltr'><strong><em>A</em></strong></span> 
     </span>
     <span class='ocr_line' id='line_1_22' title="bbox 180 2653 1324 2712; baseline 0.001 -2"><span class='ocrx_word' id='word_1_199' title='bbox 180 2664 198 2710; x_wconf 85' lang='lat'>4</span> <span class='ocrx_word' id='word_1_200' title='bbox 216 2655 375 2710; x_wconf 86' lang='lat' dir='ltr'><strong>immolabis</strong></span> <span class='ocrx_word' id='word_1_201' title='bbox 399 2654 488 2708; x_wconf 89' lang='lat' dir='ltr'><strong>VAR</strong></span> <span class='ocrx_word' id='word_1_202' title='bbox 587 2658 603 2708; x_wconf 77' lang='grc' dir='ltr'><strong>ὅ</strong></span> <span class='ocrx_word' id='word_1_203' title='bbox 622 2655 712 2707; x_wconf 78' lang='lat' dir='ltr'><strong>praete</strong></span> <span class='ocrx_word' id='word_1_204' title='bbox 732 2653 960 2709; x_wconf 82' lang='lat' dir='ltr'><strong>suouitaurilibus</strong></span> <span class='ocrx_word' id='word_1_205' title='bbox 980 2656 1007 2708; x_wconf 91' lang='lat' dir='ltr'><em>P</em></span> <span class='ocrx_word' id='word_1_206' title='bbox 1029 2659 1134 2710; x_wconf 80' lang='lat' dir='ltr'><strong>mactes</strong></span> <span class='ocrx_word' id='word_1_207' title='bbox 1153 2657 1220 2711; x_wconf 88' lang='lat' dir='ltr'><strong>uoui</strong></span> <span class='ocrx_word' id='word_1_208' title='bbox 1239 2657 1324 2712; x_wconf 85' lang='lat' dir='ltr'><strong>tauri·</strong></span> 
     </span>
     <span class='ocr_line' id='line_1_23' title="bbox 181 2741 1325 2811; baseline 0.002 -13"><span class='ocrx_word' id='word_1_209' title='bbox 181 2745 255 2799; x_wconf 88' lang='lat' dir='ltr'><strong>libus</strong></span> <span class='ocrx_word' id='word_1_210' title='bbox 274 2745 313 2811; x_wconf 75' lang='lat' dir='ltr'><strong>bf</strong></span> <span class='ocrx_word' id='word_1_211' title='bbox 326 2746 431 2798; x_wconf 84' lang='lat' dir='ltr'><strong>mactes</strong></span> <span class='ocrx_word' id='word_1_212' title='bbox 450 2743 517 2798; x_wconf 89' lang='lat' dir='ltr'><strong>noui</strong></span> <span class='ocrx_word' id='word_1_213' title='bbox 535 2741 682 2797; x_wconf 83' lang='lat' dir='ltr'><strong>taurilibus</strong></span> <span class='ocrx_word' id='word_1_214' title='bbox 698 2760 712 2797; x_wconf 84' lang='lat' dir='ltr'><strong><em>c</em></strong></span> <span class='ocrx_word' id='word_1_215' title='bbox 730 2743 836 2797; x_wconf 81' lang='lat' dir='ltr'><strong>mactes</strong></span> <span class='ocrx_word' id='word_1_216' title='bbox 854 2743 921 2798; x_wconf 90' lang='lat' dir='ltr'><strong>uoui</strong></span> <span class='ocrx_word' id='word_1_217' title='bbox 939 2744 1069 2798; x_wconf 83' lang='lat' dir='ltr'><strong>tarilibus</strong></span> <span class='ocrx_word' id='word_1_218' title='bbox 1080 2744 1106 2797; x_wconf 98' lang='lat' dir='ltr'><strong><em>A</em></strong></span> <span class='ocrx_word' id='word_1_219' title='bbox 1125 2746 1233 2800; x_wconf 84' lang='lat' dir='ltr'><strong>mactes</strong></span> <span class='ocrx_word' id='word_1_220' title='bbox 1248 2744 1325 2800; x_wconf 84' lang='lat' dir='ltr'><strong>hisee</strong></span> 
     </span>
     <span class='ocr_line' id='line_1_24' title="bbox 182 2831 1326 2889; baseline 0.003 -4"><span class='ocrx_word' id='word_1_221' title='bbox 182 2831 419 2887; x_wconf 83' lang='lat' dir='ltr'><strong>solitaurilibusu</strong></span> <span class='ocrx_word' id='word_1_222' title='bbox 491 2831 660 2886; x_wconf 83' lang='lat' dir='ltr'><strong>inmolandis</strong></span> <span class='ocrx_word' id='word_1_223' title='bbox 683 2832 904 2887; x_wconf 87' lang='lat' dir='ltr'><strong>Aimmolandis</strong></span> <span class='ocrx_word' id='word_1_224' title='bbox 929 2833 974 2887; x_wconf 92' lang='lat' dir='ltr'><strong>Vb</strong></span> <span class='ocrx_word' id='word_1_225' title='bbox 997 2833 1181 2887; x_wconf 79' lang='lat' dir='ltr'><strong>imolandise</strong></span> <span class='ocrx_word' id='word_1_226' title='bbox 1253 2853 1326 2889; x_wconf 78' lang='lat' dir='ltr'><strong>mur·</strong></span> 
     </span>
     <span class='ocr_line' id='line_1_25' title="bbox 182 2920 1326 2991; baseline 0.002 -15"><span class='ocrx_word' id='word_1_227' title='bbox 182 2924 239 2976; x_wconf 83' lang='lat' dir='ltr'><strong>tem</strong></span> <span class='ocrx_word' id='word_1_228' title='bbox 259 2921 350 2976; x_wconf 85' lang='lat' dir='ltr'><strong>PAR</strong></span> <span class='ocrx_word' id='word_1_229' title='bbox 368 2924 488 2976; x_wconf 84' lang='lat' dir='ltr'><strong>matrem</strong></span> <span class='ocrx_word' id='word_1_230' title='bbox 505 2940 522 2976; x_wconf 88' lang='lat' dir='ltr'><strong>o</strong></span> <span class='ocrx_word' id='word_1_231' title='bbox 640 2928 654 2975; x_wconf 80' lang='lat'>7</span> <span class='ocrx_word' id='word_1_232' title='bbox 675 2921 771 2991; x_wconf 85' lang='lat' dir='ltr'><strong>siquid·</strong></span> <span class='ocrx_word' id='word_1_233' title='bbox 784 2920 839 2975; x_wconf 88' lang='lat' dir='ltr'><strong>tibi</strong></span> <span class='ocrx_word' id='word_1_234' title='bbox 858 2920 993 2976; x_wconf 88' lang='lat' dir='ltr'><strong>inillisees</strong></span> <span class='ocrx_word' id='word_1_235' title='bbox 1011 2922 1078 2976; x_wconf 90' lang='lat' dir='ltr'><strong>uoui</strong></span> <span class='ocrx_word' id='word_1_236' title='bbox 1096 2921 1223 2976; x_wconf 84' lang='lat' dir='ltr'><strong>tauribus</strong></span> <span class='ocrx_word' id='word_1_237' title='bbox 1243 2923 1326 2978; x_wconf 82' lang='lat' dir='ltr'><strong>lenti·</strong></span> 
     </span>
     <span class='ocr_line' id='line_1_26' title="bbox 181 3009 1328 3081; baseline 0.001 -16"><span class='ocrx_word' id='word_1_238' title='bbox 181 3012 233 3065; x_wconf 89' lang='lat' dir='ltr'><strong>bus</strong></span> <span class='ocrx_word' id='word_1_239' title='bbox 250 3012 254 3080; x_wconf 94' lang='grc' dir='ltr'>Ι</span> <span class='ocrx_word' id='word_1_240' title='bbox 269 3027 359 3079; x_wconf 85' lang='lat' dir='ltr'><strong>neque</strong></span> <span class='ocrx_word' id='word_1_241' title='bbox 388 3009 562 3065; x_wconf 72' lang='lat' dir='ltr'><strong>satisfactum</strong></span> <span class='ocrx_word' id='word_1_242' title='bbox 591 3013 634 3066; x_wconf 79' lang='lat' dir='ltr'><strong>ert</strong></span> <span class='ocrx_word' id='word_1_243' title='bbox 661 3011 762 3065; x_wconf 85' lang='lat' dir='ltr'><strong>teisces</strong></span> <span class='ocrx_word' id='word_1_244' title='bbox 789 3010 1004 3076; x_wconf 82' lang='lat' dir='ltr'><strong>uouitaurilibus</strong></span> <span class='ocrx_word' id='word_1_245' title='bbox 1032 3010 1205 3065; x_wconf 76' lang='lat' dir='ltr'><strong>luntentibus</strong></span> <span class='ocrx_word' id='word_1_246' title='bbox 1235 3030 1328 3081; x_wconf 84' lang='lat' dir='ltr'><strong>neque</strong></span> 
     </span>
     <span class='ocr_line' id='line_1_27' title="bbox 183 3099 1329 3168; baseline 0.003 -16"><span class='ocrx_word' id='word_1_247' title='bbox 183 3099 297 3154; x_wconf 75' lang='lat' dir='ltr'><strong>satisfac</strong></span> <span class='ocrx_word' id='word_1_248' title='bbox 314 3103 318 3168; x_wconf 79' lang='grc' dir='ltr'>Ι</span> <span class='ocrx_word' id='word_1_249' title='bbox 334 3101 394 3153; x_wconf 89' lang='lat' dir='ltr'><strong>tum</strong></span> <span class='ocrx_word' id='word_1_250' title='bbox 414 3103 457 3154; x_wconf 92' lang='lat' dir='ltr'><strong>est</strong></span> <span class='ocrx_word' id='word_1_251' title='bbox 479 3101 580 3154; x_wconf 85' lang='lat' dir='ltr'><strong>teisees</strong></span> <span class='ocrx_word' id='word_1_252' title='bbox 603 3099 819 3154; x_wconf 86' lang='lat' dir='ltr'><strong>uouitaurilibus</strong></span> <span class='ocrx_word' id='word_1_253' title='bbox 842 3100 1011 3154; x_wconf 82' lang='lat' dir='ltr'><strong>laetentibus</strong></span> <span class='ocrx_word' id='word_1_254' title='bbox 1035 3117 1125 3168; x_wconf 85' lang='lat' dir='ltr'><strong>neque</strong></span> <span class='ocrx_word' id='word_1_255' title='bbox 1150 3100 1329 3156; x_wconf 78' lang='lat' dir='ltr'><strong>satisfactum</strong></span> 
     </span>
     <span class='ocr_line' id='line_1_28' title="bbox 183 3187 1329 3257; baseline 0.003 -17"><span class='ocrx_word' id='word_1_256' title='bbox 183 3191 228 3242; x_wconf 87' lang='lat' dir='ltr'><strong>est</strong></span> <span class='ocrx_word' id='word_1_257' title='bbox 244 3187 345 3242; x_wconf 84' lang='lat' dir='ltr'><strong>teisces</strong></span> <span class='ocrx_word' id='word_1_258' title='bbox 364 3205 400 3242; x_wconf 92' lang='lat' dir='ltr'><strong>uo</strong></span> <span class='ocrx_word' id='word_1_259' title='bbox 416 3191 420 3257; x_wconf 89' lang='grc'>1</span> <span class='ocrx_word' id='word_1_260' title='bbox 436 3188 650 3243; x_wconf 88' lang='lat' dir='ltr'><strong>uouitaurilibus</strong></span> <span class='ocrx_word' id='word_1_261' title='bbox 676 3187 787 3254; x_wconf 82' lang='lat' dir='ltr'><strong>piaculo</strong></span> <span class='ocrx_word' id='word_1_262' title='bbox 806 3189 832 3239; x_wconf 87' lang='lat' dir='ltr'><strong><em>A</em></strong></span> <span class='ocrx_word' id='word_1_263' title='bbox 904 3187 958 3242; x_wconf 91' lang='lat' dir='ltr'><strong>libi</strong></span> <span class='ocrx_word' id='word_1_264' title='bbox 980 3189 1071 3244; x_wconf 83' lang='lat' dir='ltr'><strong>illisce</strong></span> <span class='ocrx_word' id='word_1_265' title='bbox 1095 3188 1329 3245; x_wconf 83' lang='lat' dir='ltr'><strong>suouitaurilibus</strong></span> 
     </span>
     <span class='ocr_line' id='line_1_29' title="bbox 183 3274 1330 3334; baseline 0.005 -6"><span class='ocrx_word' id='word_1_266' title='bbox 183 3275 305 3329; x_wconf 86' lang='lat' dir='ltr'><strong>lentibus</strong></span> <span class='ocrx_word' id='word_1_267' title='bbox 325 3274 353 3328; x_wconf 92' lang='lat' dir='ltr'><strong><em>P</em></strong></span> <span class='ocrx_word' id='word_1_268' title='bbox 375 3276 429 3330; x_wconf 83' lang='lat' dir='ltr'><strong>tibi</strong></span> <span class='ocrx_word' id='word_1_269' title='bbox 446 3276 476 3329; x_wconf 82' lang='lat' dir='ltr'><strong>in</strong></span> <span class='ocrx_word' id='word_1_270' title='bbox 495 3275 599 3329; x_wconf 82' lang='lat' dir='ltr'><strong>illisoes</strong></span> <span class='ocrx_word' id='word_1_271' title='bbox 617 3274 684 3327; x_wconf 91' lang='lat' dir='ltr'><strong>uoui</strong></span> <span class='ocrx_word' id='word_1_272' title='bbox 701 3274 849 3329; x_wconf 81' lang='lat' dir='ltr'><strong>taurilibus</strong></span> <span class='ocrx_word' id='word_1_273' title='bbox 867 3276 989 3330; x_wconf 87' lang='lat' dir='ltr'><strong>lentibus</strong></span> <span class='ocrx_word' id='word_1_274' title='bbox 1009 3279 1024 3332; x_wconf 90' lang='lat' dir='ltr'><strong>b</strong></span> <span class='ocrx_word' id='word_1_275' title='bbox 1052 3277 1104 3332; x_wconf 84' lang='lat' dir='ltr'><strong>tibi</strong></span> <span class='ocrx_word' id='word_1_276' title='bbox 1127 3278 1156 3331; x_wconf 90' lang='lat' dir='ltr'><strong>in</strong></span> <span class='ocrx_word' id='word_1_277' title='bbox 1181 3277 1240 3332; x_wconf 91' lang='lat' dir='ltr'><strong>illis</strong></span> <span class='ocrx_word' id='word_1_278' title='bbox 1260 3278 1330 3334; x_wconf 83' lang='lat' dir='ltr'><strong>noui</strong></span> 
     </span>
     <span class='ocr_line' id='line_1_30' title="bbox 184 3362 1329 3431; baseline 0.005 -15"><span class='ocrx_word' id='word_1_279' title='bbox 184 3362 331 3417; x_wconf 83' lang='lat' dir='ltr'><strong>taurilibus</strong></span> <span class='ocrx_word' id='word_1_280' title='bbox 350 3364 480 3430; x_wconf 80' lang='lat' dir='ltr'><strong>lentibus,</strong></span> <span class='ocrx_word' id='word_1_281' title='bbox 505 3365 553 3417; x_wconf 83' lang='lat' dir='ltr'><strong>sed</strong></span> <span class='ocrx_word' id='word_1_282' title='bbox 570 3363 660 3430; x_wconf 82' lang='lat' dir='ltr'><strong>spatio</strong></span> <span class='ocrx_word' id='word_1_283' title='bbox 674 3368 738 3431; x_wconf 81' lang='lat' dir='ltr'><strong>post</strong></span> <span class='ocrx_word' id='word_1_284' title='bbox 755 3362 814 3417; x_wconf 87' lang='lat' dir='ltr'><strong>illis</strong></span> <span class='ocrx_word' id='word_1_285' title='bbox 833 3365 925 3418; x_wconf 80' lang='lat' dir='ltr'><strong>relicto</strong></span> <span class='ocrx_word' id='word_1_286' title='bbox 945 3382 958 3418; x_wconf 85' lang='lat' dir='ltr'><strong>c</strong></span> <span class='ocrx_word' id='word_1_287' title='bbox 985 3365 1038 3419; x_wconf 89' lang='lat' dir='ltr'><strong>tibi</strong></span> <span class='ocrx_word' id='word_1_288' title='bbox 1056 3366 1146 3420; x_wconf 83' lang='lat' dir='ltr'><strong>illisce</strong></span> <span class='ocrx_word' id='word_1_289' title='bbox 1165 3366 1329 3423; x_wconf 85' lang='lat' dir='ltr'><strong>solitaurili-</strong></span> 
     </span>
     <span class='ocr_line' id='line_1_31' title="bbox 184 3451 1330 3511; baseline 0.004 -5"><span class='ocrx_word' id='word_1_290' title='bbox 184 3454 236 3506; x_wconf 92' lang='lat' dir='ltr'><strong>bus</strong></span> <span class='ocrx_word' id='word_1_291' title='bbox 255 3451 424 3508; x_wconf 81' lang='lat' dir='ltr'><strong>laotentibus</strong></span> <span class='ocrx_word' id='word_1_292' title='bbox 443 3471 459 3507; x_wconf 84' lang='lat' dir='ltr'><strong>a</strong></span> <span class='ocrx_word' id='word_1_293' title='bbox 532 3458 547 3505; x_wconf 91' lang='lat'>8</span> <span class='ocrx_word' id='word_1_294' title='bbox 566 3453 595 3505; x_wconf 86' lang='lat' dir='ltr'><strong>te</strong></span> <span class='ocrx_word' id='word_1_295' title='bbox 614 3452 690 3506; x_wconf 85' lang='lat' dir='ltr'><strong>hisee</strong></span> <span class='ocrx_word' id='word_1_296' title='bbox 710 3451 938 3507; x_wconf 81' lang='lat' dir='ltr'><strong>suauitaurilibus</strong></span> <span class='ocrx_word' id='word_1_297' title='bbox 957 3454 985 3507; x_wconf 94' lang='lat' dir='ltr'><strong><em>P</em></strong></span> <span class='ocrx_word' id='word_1_298' title='bbox 999 3456 1028 3508; x_wconf 90' lang='lat' dir='ltr'><strong>te</strong></span> <span class='ocrx_word' id='word_1_299' title='bbox 1046 3455 1137 3509; x_wconf 79' lang='lat' dir='ltr'><strong>hisces</strong></span> <span class='ocrx_word' id='word_1_300' title='bbox 1156 3455 1223 3509; x_wconf 91' lang='lat' dir='ltr'><strong>uoui</strong></span> <span class='ocrx_word' id='word_1_301' title='bbox 1241 3457 1330 3511; x_wconf 84' lang='lat' dir='ltr'><strong>tauri·</strong></span> 
     </span>
     <span class='ocr_line' id='line_1_32' title="bbox 184 3539 1330 3601; baseline 0.005 -6"><span class='ocrx_word' id='word_1_302' title='bbox 184 3542 293 3597; x_wconf 87' lang='lat' dir='ltr'><strong>libusb</strong></span> <span class='ocrx_word' id='word_1_303' title='bbox 320 3543 420 3597; x_wconf 87' lang='lat' dir='ltr'><strong>teisces</strong></span> <span class='ocrx_word' id='word_1_304' title='bbox 443 3540 509 3594; x_wconf 89' lang='lat' dir='ltr'><strong>noui</strong></span> <span class='ocrx_word' id='word_1_305' title='bbox 533 3539 713 3595; x_wconf 84' lang='lat' dir='ltr'><strong>taurilibusc</strong></span> <span class='ocrx_word' id='word_1_306' title='bbox 740 3541 783 3595; x_wconf 89' lang='lat' dir='ltr'><strong>his</strong></span> <span class='ocrx_word' id='word_1_307' title='bbox 807 3540 1041 3597; x_wconf 83' lang='lat' dir='ltr'><strong>solitaurilibuso</strong></span> <span class='ocrx_word' id='word_1_308' title='bbox 1148 3544 1330 3601; x_wconf 80' lang='lat' dir='ltr'><strong>tldubitauit</strong></span> 
     </span>
     <span class='ocr_line' id='line_1_33' title="bbox 187 3629 1329 3696; baseline 0.004 -11"><span class='ocrx_word' id='word_1_309' title='bbox 187 3632 277 3686; x_wconf 85' lang='lat' dir='ltr'><strong>PAR</strong></span> <span class='ocrx_word' id='word_1_310' title='bbox 296 3629 468 3686; x_wconf 85' lang='lat' dir='ltr'><strong>dubitauerit</strong></span> <span class='ocrx_word' id='word_1_311' title='bbox 485 3647 501 3682; x_wconf 89' lang='lat' dir='ltr'><strong>o</strong></span> <span class='ocrx_word' id='word_1_312' title='bbox 520 3629 694 3684; x_wconf 84' lang='lat' dir='ltr'><strong>dubitaueris</strong></span> <span class='ocrx_word' id='word_1_313' title='bbox 713 3631 867 3685; x_wconf 75' lang='lat' dir='ltr'><strong>Iucundos.</strong></span> <span class='ocrx_word' id='word_1_314' title='bbox 887 3631 1002 3696; x_wconf 73' lang='lat' dir='ltr'><strong>fortusse</strong></span> <span class='ocrx_word' id='word_1_315' title='bbox 1020 3632 1116 3687; x_wconf 84' lang='lat' dir='ltr'><strong>litabit</strong></span> <span class='ocrx_word' id='word_1_316' title='bbox 1207 3639 1240 3687; x_wconf 90' lang='lat'><strong>10</strong></span> <span class='ocrx_word' id='word_1_317' title='bbox 1260 3634 1329 3689; x_wconf 86' lang='lat' dir='ltr'><strong>illoc</strong></span> 
     </span>
     <span class='ocr_line' id='line_1_34' title="bbox 185 3717 707 3787; baseline 0.002 -13"><span class='ocrx_word' id='word_1_318' title='bbox 185 3721 337 3785; x_wconf 76' lang='lat' dir='ltr'><strong>Meurse&#39;us,</strong></span> <span class='ocrx_word' id='word_1_319' title='bbox 354 3719 436 3772; x_wconf 86' lang='lat' dir='ltr'><strong>illoee</strong></span> <span class='ocrx_word' id='word_1_320' title='bbox 456 3717 607 3773; x_wconf 78' lang='lat' dir='ltr'><strong>Pontedera</strong></span> <span class='ocrx_word' id='word_1_321' title='bbox 621 3737 651 3787; x_wconf 79' lang='lat' dir='ltr'><strong>p.</strong></span> <span class='ocrx_word' id='word_1_322' title='bbox 671 3725 707 3775; x_wconf 85' lang='lat'><strong>75</strong></span> 
     </span>
    </p>
   </div>
   <div class='ocr_carea' id='block_1_5' title="bbox 258 3822 1327 3898">
    <p class='ocr_par' dir='ltr' id='par_1_5' title="bbox 258 3822 1327 3898">
     <span class='ocr_line' id='line_1_35' title="bbox 258 3822 1327 3898; baseline 0.008 -20"><span class='ocrx_word' id='word_1_323' title='bbox 258 3832 287 3878; x_wconf 83' lang='lat'><strong>11</strong></span> <span class='ocrx_word' id='word_1_324' title='bbox 309 3825 340 3879; x_wconf 82' lang='lat' dir='ltr'><strong>u.</strong></span> <span class='ocrx_word' id='word_1_325' title='bbox 362 3822 419 3878; x_wconf 82' lang='lat' dir='ltr'><strong>CLI</strong></span> <span class='ocrx_word' id='word_1_326' title='bbox 440 3824 528 3879; x_wconf 79' lang='lat' dir='ltr'><strong>Vilice</strong></span> <span class='ocrx_word' id='word_1_327' title='bbox 554 3830 632 3896; x_wconf 83' lang='lat' dir='ltr'><strong>(corr.</strong></span> <span class='ocrx_word' id='word_1_328' title='bbox 653 3828 701 3898; x_wconf 67' lang='lat' dir='ltr'><strong>ei)</strong></span> <span class='ocrx_word' id='word_1_329' title='bbox 721 3828 810 3883; x_wconf 83' lang='lat' dir='ltr'><strong>offitia</strong></span> <span class='ocrx_word' id='word_1_330' title='bbox 830 3831 856 3881; x_wconf 89' lang='lat' dir='ltr'><strong><em>A</em></strong></span> <span class='ocrx_word' id='word_1_331' title='bbox 881 3827 966 3883; x_wconf 84' lang='lat' dir='ltr'><strong>Viliei</strong></span> <span class='ocrx_word' id='word_1_332' title='bbox 985 3829 1077 3882; x_wconf 82' lang='lat' dir='ltr'><strong>officia</strong></span> <span class='ocrx_word' id='word_1_333' title='bbox 1098 3829 1125 3881; x_wconf 95' lang='lat' dir='ltr'><strong><em>P</em></strong></span> <span class='ocrx_word' id='word_1_334' title='bbox 1150 3829 1248 3884; x_wconf 85' lang='lat' dir='ltr'><strong>Villiei</strong></span> <span class='ocrx_word' id='word_1_335' title='bbox 1268 3832 1327 3886; x_wconf 82' lang='lat' dir='ltr'><strong>orfi-</strong></span> 
     </span>
    </p>
   </div>
   <div class='ocr_carea' id='block_1_6' title="bbox 184 3930 1362 4289">
    <p class='ocr_par' dir='ltr' id='par_1_6' title="bbox 184 3930 1362 4289">
     <span class='ocr_line' id='line_1_36' title="bbox 185 3930 1328 4025; baseline 0.006 -21"><span class='ocrx_word' id='word_1_336' title='bbox 185 3950 228 4004; x_wconf 81' lang='lat' dir='ltr'><strong>oio</strong></span> <span class='ocrx_word' id='word_1_337' title='bbox 246 3951 283 4004; x_wconf 85' lang='lat' dir='ltr'><strong>bv</strong></span> <span class='ocrx_word' id='word_1_338' title='bbox 355 3949 506 4005; x_wconf 84' lang='lat' dir='ltr'><strong>VilioiPA</strong></span> <span class='ocrx_word' id='word_1_339' title='bbox 525 3949 678 4007; x_wconf 80' lang='lat' dir='ltr'><strong>VillioIRo</strong></span> <span class='ocrx_word' id='word_1_340' title='bbox 751 3930 849 4009; x_wconf 72' lang='lat' dir='ltr'><strong>sisto</strong></span> <span class='ocrx_word' id='word_1_341' title='bbox 923 3952 1011 4018; x_wconf 79' lang='lat' dir='ltr'><strong>‘Quae</strong></span> <span class='ocrx_word' id='word_1_342' title='bbox 1031 3954 1159 4008; x_wconf 88' lang='lat' dir='ltr'><strong>domiuus</strong></span> <span class='ocrx_word' id='word_1_343' title='bbox 1178 3956 1328 4025; x_wconf 78' lang='lat' dir='ltr'><strong>praecipit.</strong></span> 
     </span>
     <span class='ocr_line' id='line_1_37' title="bbox 190 4039 1362 4111; baseline 0.006 -17"><span class='ocrx_word' id='word_1_344' title='bbox 190 4039 294 4095; x_wconf 80' lang='lat' dir='ltr'><strong>Veteres</strong></span> <span class='ocrx_word' id='word_1_345' title='bbox 312 4042 414 4096; x_wconf 78' lang='lat' dir='ltr'><strong>codices</strong></span> <span class='ocrx_word' id='word_1_346' title='bbox 432 4042 483 4096; x_wconf 85' lang='lat' dir='ltr'><strong>bae</strong></span> <span class='ocrx_word' id='word_1_347' title='bbox 496 4047 578 4111; x_wconf 82' lang='lat' dir='ltr'><strong>parte</strong></span> <span class='ocrx_word' id='word_1_348' title='bbox 597 4044 735 4111; x_wconf 81' lang='lat' dir='ltr'><strong>corrupti:</strong></span> <span class='ocrx_word' id='word_1_349' title='bbox 755 4044 786 4095; x_wconf 79' lang='lat' dir='ltr'><strong>iu</strong></span> <span class='ocrx_word' id='word_1_350' title='bbox 804 4044 904 4111; x_wconf 81' lang='lat' dir='ltr'><strong>optimo</strong></span> <span class='ocrx_word' id='word_1_351' title='bbox 923 4044 1013 4096; x_wconf 79' lang='lat' dir='ltr'><strong>ruendi</strong></span> <span class='ocrx_word' id='word_1_352' title='bbox 1027 4044 1108 4098; x_wconf 82' lang='lat' dir='ltr'><strong>etiam</strong></span> <span class='ocrx_word' id='word_1_353' title='bbox 1122 4049 1189 4098; x_wconf 79' lang='lat' dir='ltr'><strong>outa</strong></span> <span class='ocrx_word' id='word_1_354' title='bbox 1203 4046 1240 4099; x_wconf 83' lang='lat' dir='ltr'><strong>ad</strong></span> <span class='ocrx_word' id='word_1_355' title='bbox 1255 4046 1362 4101; x_wconf 49' lang='lat' dir='ltr'><strong>buu&amp;</strong></span> 
     </span>
     <span class='ocr_line' id='line_1_38' title="bbox 184 4129 1219 4201; baseline 0.003 -17"><span class='ocrx_word' id='word_1_356' title='bbox 184 4130 271 4184; x_wconf 80' lang='lat' dir='ltr'><strong>locum</strong></span> <span class='ocrx_word' id='word_1_357' title='bbox 290 4132 426 4199; x_wconf 78' lang='lat' dir='ltr'><strong>appositu,</strong></span> <span class='ocrx_word' id='word_1_358' title='bbox 445 4132 484 4184; x_wconf 82' lang='lat' dir='ltr'><strong>sie</strong></span> <span class='ocrx_word' id='word_1_359' title='bbox 502 4131 546 4185; x_wconf 78' lang='lat' dir='ltr'><strong>illi</strong></span> <span class='ocrx_word' id='word_1_360' title='bbox 564 4133 664 4201; x_wconf 75' lang='lat' dir='ltr'><strong>tepeat,</strong></span> <span class='ocrx_word' id='word_1_361' title='bbox 684 4129 760 4195; x_wconf 77' lang='lat' dir='ltr'><strong>Quae</strong></span> <span class='ocrx_word' id='word_1_362' title='bbox 779 4131 891 4185; x_wconf 90' lang='lat' dir='ltr'><strong>domino</strong></span> <span class='ocrx_word' id='word_1_363' title='bbox 911 4131 1054 4200; x_wconf 81' lang='lat' dir='ltr'><strong>prseoeps’</strong></span> <span class='ocrx_word' id='word_1_364' title='bbox 1083 4131 1219 4188; x_wconf 80' lang='lat' dir='ltr'><strong>Victorius</strong></span> 
     </span>
     <span class='ocr_line' id='line_1_39' title="bbox 184 4218 1354 4289; baseline 0.006 -17"><span class='ocrx_word' id='word_1_365' title='bbox 184 4218 312 4272; x_wconf 87' lang='lat' dir='ltr'><strong>dominus</strong></span> <span class='ocrx_word' id='word_1_366' title='bbox 331 4218 396 4285; x_wconf 83' lang='lat' dir='ltr'><strong>AV,</strong></span> <span class='ocrx_word' id='word_1_367' title='bbox 424 4219 473 4272; x_wconf 82' lang='lat' dir='ltr'><strong>ubi</strong></span> <span class='ocrx_word' id='word_1_368' title='bbox 490 4218 509 4270; x_wconf 85' lang='lat' dir='ltr'><strong>l&#39;</strong></span> <span class='ocrx_word' id='word_1_369' title='bbox 528 4237 576 4274; x_wconf 88' lang='lat' dir='ltr'><strong>·no</strong></span> <span class='ocrx_word' id='word_1_370' title='bbox 596 4221 751 4275; x_wconf 82' lang='lat' dir='ltr'><strong>coniectura</strong></span> <span class='ocrx_word' id='word_1_371' title='bbox 768 4221 959 4289; x_wconf 72' lang='lat' dir='ltr'><strong>superscripsit</strong></span> <span class='ocrx_word' id='word_1_372' title='bbox 978 4221 1147 4287; x_wconf 67' lang='lat' dir='ltr'><strong>Potitianis,</strong></span> <span class='ocrx_word' id='word_1_373' title='bbox 1166 4222 1282 4278; x_wconf 87' lang='lat' dir='ltr'><strong>domino</strong></span> <span class='ocrx_word' id='word_1_374' title='bbox 1301 4224 1354 4278; x_wconf 61' lang='grc' dir='ltr'>Ιῦ</span> 
     </span>
    </p>
   </div>
   <div class='ocr_carea' id='block_1_7' title="bbox 186 4305 1330 4469">
    <p class='ocr_par' dir='ltr' id='par_1_7' title="bbox 186 4305 1330 4469">
     <span class='ocr_line' id='line_1_40' title="bbox 256 4305 1330 4379; baseline 0.009 -21"><span class='ocrx_word' id='word_1_375' title='bbox 256 4321 389 4374; x_wconf 84' lang='lat' dir='ltr'><strong>praeceps</strong></span> <span class='ocrx_word' id='word_1_376' title='bbox 407 4305 497 4358; x_wconf 87' lang='lat' dir='ltr'><strong>PAR</strong></span> <span class='ocrx_word' id='word_1_377' title='bbox 515 4307 653 4377; x_wconf 81' lang='lat' dir='ltr'><strong>praecipit</strong></span> <span class='ocrx_word' id='word_1_378' title='bbox 669 4326 686 4362; x_wconf 84' lang='lat' dir='ltr'><em>v</em></span> <span class='ocrx_word' id='word_1_379' title='bbox 776 4315 808 4362; x_wconf 81' lang='lat'><strong>12</strong></span> <span class='ocrx_word' id='word_1_380' title='bbox 828 4310 1022 4377; x_wconf 89' lang='lat' dir='ltr'><strong>quomodoque</strong></span> <span class='ocrx_word' id='word_1_381' title='bbox 1034 4311 1083 4376; x_wconf 84' lang='lat' dir='ltr'><strong>Af</strong></span> <span class='ocrx_word' id='word_1_382' title='bbox 1091 4311 1167 4376; x_wconf 73' lang='lat' dir='ltr'><strong>Vtut,</strong></span> <span class='ocrx_word' id='word_1_383' title='bbox 1186 4312 1330 4379; x_wconf 90' lang='lat' dir='ltr'><strong>quomodo</strong></span> 
     </span>
     <span class='ocr_line' id='line_1_41' title="bbox 186 4393 533 4469; baseline 0.012 -23"><span class='ocrx_word' id='word_1_384' title='bbox 186 4410 257 4462; x_wconf 84' lang='lat' dir='ltr'><strong>quae</strong></span> <span class='ocrx_word' id='word_1_385' title='bbox 280 4393 321 4447; x_wconf 81' lang='lat' dir='ltr'><strong>Vc</strong></span> <span class='ocrx_word' id='word_1_386' title='bbox 339 4410 425 4462; x_wconf 91' lang='lat' dir='ltr'><strong>quum</strong></span> <span class='ocrx_word' id='word_1_387' title='bbox 443 4412 497 4469; x_wconf 70' lang='lat' dir='ltr'><strong>que</strong></span> <span class='ocrx_word' id='word_1_388' title='bbox 517 4397 533 4450; x_wconf 87' lang='lat' dir='ltr'><strong>b</strong></span> 
     </span>
    </p>
   </div>
   <div class='ocr_carea' id='block_1_8' title="bbox 0 0 1517 5026">
    <p class='ocr_par' dir='ltr' id='par_1_8' title="bbox 0 0 1517 5026">
     <span class='ocr_line' id='line_1_42' title="bbox 0 0 1517 5026; baseline 0 0"><span class='ocrx_word' id='word_1_389' title='bbox 0 0 1517 5026; x_wconf 95' lang='lat' dir='ltr'><strong> </strong></span> 
     </span>
    </p>
   </div>
  </div>
 </body>
</html>
