3000 5026
436 343 566 398 RERVM
585 342 821 399 RVSTIGARVM
839 343 906 399 LIB.
926 345 938 398 Ι
958 344 1034 404 2-3
1165 425 1170 432 ¹
1251 348 1313 412 131

168 510 295 572 huiusce
328 511 418 589 pedes
452 510 548 570 solent
577 509 691 591 dolere,
722 513 753 570 in
782 511 879 571 fronte
907 513 1081 574 contrahere
1110 533 1208 593 rugas.
1258 515 1361 580 111627

169 618 267 701 sodes,
291 620 387 696 inquit
406 617 592 679 Fundanius:
614 636 682 678 nam
702 618 778 679 malo
798 618 834 677 de
853 621 927 679 meis
946 620 1071 698 pedibus
1090 622 1202 703 audire,
1226 642 1314 702 quam

169 743 259 804 quem
287 725 322 785 ad
347 726 467 786 modum
491 725 583 804 pedes
606 725 744 786 betaoeos
768 728 827 785 seri
851 733 994 804 oporteat.
1042 727 1122 787 Stolo
1147 728 1314 810 subridens,

168 833 280 913 Dicam,
303 835 409 913 inquit,
433 813 544 893 eisdem
569 833 677 912 quibus
700 831 749 893 ille
774 832 871 892 verbis
895 835 1016 913 scripsit
1038 835 1084 894 vel
1107 834 1313 914 Tarquennam

135 941 281 1020 5audivi3
311 959 379 1000 oum
402 939 514 1000 bomini
538 939 629 1019 pedes
653 939 752 1000 dolere
777 942 954 1020 coepissent,
979 943 1031 1020 qui
1053 944 1097 1001 tui
1121 945 1313 1016 meminisset,

167 1049 195 1107 ei
224 1046 339 1107 mederi
362 1064 458 1125 posse.
505 1065 558 1126 ego
583 1048 628 1106 tui
649 1048 785 1128 memini,
813 1047 933 1107 medere
956 1049 1030 1107 meis
1054 1048 1192 1129 pedibus,
1222 1046 1312 1110 ‘terra

166 1162 283 1233 pestem
316 1161 429 1233 teneto,
462 1153 541 1214 salus
574 1153 623 1214 bic
655 1161 773 1213 maneto
805 1156 837 1214 in
869 1156 943 1214 meis
976 1151 1122 1232 pedibus'.
1178 1155 1234 1236 hoc
1267 1165 1313 1216 ter

164 1263 291 1322 noviens
315 1268 433 1321 cantare
457 1261 549 1342 iubet,
572 1269 682 1322 terram
701 1269 831 1342 tangere,
855 1261 1009 1341 despuere,
1032 1264 1165 1323 ieiunum
1185 1271 1312 1325 cantare.

163 1367 272 1449 Multa,
295 1370 429 1450 inquam,
457 1370 527 1428 item
551 1368 606 1429 alia
630 1369 772 1430 miracula
795 1369 873 1447 apud
898 1368 1039 1429 Sasernas
1062 1372 1209 1453 invenies,
1233 1377 1359 1450 quae28

117 1487 148 1525 1⁰
165 1477 266 1535 omnia
294 1483 364 1535 sunt
391 1474 506 1536 diversa
534 1475 570 1534 ab
599 1476 661 1554 agri
689 1474 804 1534 cultura
833 1483 863 1535 et
892 1475 959 1536 ideo
986 1476 1176 1554 repudianda.
1223 1477 1314 1548 Quasi

163 1599 247 1662 vero,
266 1583 395 1663 inquam,
413 1600 473 1641 non
492 1581 568 1661 apud
588 1590 704 1642 ceteros
724 1600 843 1661 quoque
858 1584 1019 1662 scriptores
1035 1583 1102 1643 talia
1117 1586 1312 1662 reperiantur.

164 1706 205 1747 an
239 1706 298 1748 non
325 1690 356 1747 in
385 1691 484 1767 magni
511 1689 590 1749 illius
618 1689 738 1749 Catonis
765 1688 854 1767 libro,
888 1692 940 1768 qui
967 1690 1003 1750 de
1032 1692 1095 1768 agri
1123 1691 1239 1752 cultura
1267 1700 1313 1752 est

164 1794 280 1875 edituo,
309 1797 420 1874 scripta
444 1803 514 1856 sunt
536 1796 683 1876 permulta
707 1796 826 1877 similia,
854 1804 888 1856 ut
911 1796 995 1878 haec,
1020 1815 1108 1877 quem
1133 1798 1167 1858 ad
1193 1799 1312 1860 modum

162 1901 333 1980 placentam
362 1904 458 1963 lacere
482 1910 630 1984 oporteat,
659 1922 717 1981 quo
741 1911 827 1982 pacto
851 1904 956 1980 libum,
986 1923 1042 1984 qua
1067 1906 1181 1966 ratione
1204 1925 1312 1984 pernas

115 2017 146 2059 1⁵
163 2005 295 2068 saliere?
340 2007 415 2070 lllud
439 2029 498 2070 non
522 2010 606 2092 dicis,
628 2012 726 2089 inquit
744 2011 860 2090 Agrius
885 2011 963 2089 quod
987 2011 1100 2093 scribit,
1125 2008 1166 2104 ‘si
1186 2013 1257 2100 Vffis
1281 2016 1310 2073 in

162 2117 302 2213 concivio
336 2116 460 2203 mu-ltum
494 2117 597 2205 bibere
632 2135 797 2214 cenarequc
830 2117 971 2204 libenter,
1005 2126 1072 2201 ante
1100 2137 1166 2197 esse
1195 2127 1312 2205 oportet

161 2222 330 2282 brassicam
354 2223 476 2283 crudam
500 2243 535 2283 ex
558 2231 642 2284 aceto
665 2223 763 2302 aliqua
787 2224 855 2284 lolia
880 2221 1032 2304 quinquc'.
1170 2278 1223 2306 „‚

188 2303 363 2411 “fig-itur,
395 2332 493 2410 inquit
520 2331 674 2411 Agrasius,
707 2350 782 2409 quae
815 2333 994 2410 diiungenda
1023 2341 1123 2393 essent
1150 2352 1166 2392 a
1194 2333 1309 2393 cultura
1329 2332 1369 2392 lll

161 2437 255 2496 cuins
273 2436 354 2496 modi
372 2438 440 2518 sint,
459 2440 598 2517 quoniam
617 2439 789 2520 discretum,
808 2439 844 2499 de
863 2442 900 2500 iis
919 2440 1009 2501 rebus
1024 2460 1098 2520 quae
1114 2439 1172 2518 [in]
1188 2426 1311 2502 seientia

240 2647 256 2696 t
275 2660 337 2697 oum
356 2634 463 2698 bomini
481 2601 567 2713 pedes
586 2604 680 2702 dolere
700 2646 859 2717 coepissent
876 2649 952 2703 Ptin.
970 2651 1019 2715 23,
1037 2651 1073 2704 21
1149 2653 1181 2702 15
1200 2648 1223 2703 61
1240 2649 1311 2703 velis

158 2731 196 2785 in
215 2730 345 2787 convivio
366 2731 423 2787 Oct.
444 2734 477 2787 de
494 2735 638 2806 69111611.
658 2739 722 2803 156,
741 2742 760 2792 2

242 2934 255 2980 1
278 2927 308 2981 in
328 2928 420 2984 fronte
439 2931 480 2984 bis
499 2930 644 2997 scriptum,
667 2930 713 2983 sed
726 2930 877 2997 posteriore
896 2930 952 2983 loeo
971 2931 1085 2984 deletum
1104 2936 1141 2985 est
1163 2933 1195 2984 iu
1213 2933 1241 2984 A

159 3017 312 3072 contracte
330 3020 358 3071 A
429 3023 444 3068 ‘2
465 3017 558 3086 inquit
581 3017 638 3071 VB
655 3016 754 3084 inquid
771 3017 798 3070 A
871 3016 998 3085 dinquit
1021 3017 1078 3071 VB
1096 3017 1194 3087 inquid
1213 3018 1241 3072 A

157 3108 351 3175 tarquennem
366 3108 456 3162 PAR
471 3107 664 3175 tantumquae
678 3107 735 3160 iam
748 3123 772 3161 o.
811 3105 1191 3175 ‘VelTarquennemaudiui
1229 3106 1311 3162 Vetus

157 3196 232 3250 haee
255 3201 292 3249 eat
315 3197 399 3251 lectio.
439 3197 604 3266 Torqcecco
625 3213 735 3265 comeo,
757 3201 790 3250 61
807 3197 940 3262 arbitror,
957 3196 1105 3264 proprium
1130 3198 1308 3267 cuopuoetce’

165 3284 312 3338 Victorius
383 3290 400 3339 5
432 3288 572 3356 cepissent
593 3286 621 3340 A
693 3289 709 3338 8
741 3286 838 3339 nouies
867 3284 907 3337 V⁴
921 3284 1038 3339 nobiens
1066 3299 1134 3339 corr.
1162 3285 1260 3340 nobies
1282 3287 1310 3341 A

158 3373 292 3468 ι1161111116Ι
313 3411 341 3464 Β
367 3411 455 3464 nobes
479 3409 577 3465 nouies
595 3426 623 3463 m
693 3407 783 3477 iubet]
806 3408 886 3462 lubet
903 3409 932 3463 B
1004 3407 1139 3477 despuere
1163 3409 1310 3465 Iucundos

159 3504 297 3573 dispuere
325 3500 416 3555 VAB
492 3506 507 3553 9
531 3499 621 3554 multe
642 3498 735 3567 inquit
758 3497 893 3553 Gcoucrus
971 3504 1002 3551 11
1027 3499 1151 3552 caeteros
1179 3498 1207 3551 V
1277 3504 1308 3552 15

159 3591 268 3648 6611616
284 3590 376 3645 ΡΑΒ
395 3580 508 3644 6611116
579 3586 672 3658 inquit
688 3587 745 3641 VB
758 3586 857 3654 inquid
871 3588 899 3641 A
914 3595 917 3598 ’
973 3593 1005 3641 16
1025 3587 1204 3656 6661616666
1215 3587 1241 3640 V
1267 3602 1269 3608 ·

162 3688 198 3738 17
219 3681 329 3752 alique]
349 3679 407 3732 6116
424 3679 453 3733 A
471 3677 528 3731 6116
544 3678 592 3731 uel
610 3675 706 3746 aliqua
723 3693 749 3730 m

238 3775 273 3823 18
291 3767 383 3838 inquit
402 3768 459 3821 VB
472 3766 571 3835 inquid
585 3766 612 3820 A
684 3765 810 3835 agrarius
830 3764 887 3819 VA
900 3764 994 3834 egrius
1007 3767 1036 3821 B
1109 3772 1141 3820 19
1160 3766 1309 3821 discretum

162 3860 239 3916 stolo
277 3875 339 3912 oum
377 3856 531 3926 aspexisset
562 3854 681 3910 scrofam
714 3855 746 3908 tu
777 3853 869 3921 inquit
900 3853 1010 3924 (inquid
1037 3856 1075 3925 A)
1104 3859 1133 3910 et
1159 3857 1253 3910 661616
1281 3859 1311 3910 61

163 3951 272 4003 honore
299 3948 343 4001 et'
357 3945 474 4000 scientia
502 3945 576 4014 quod
602 3945 730 4015 praestas
759 3943 844 4013 (quod
872 3949 938 4013 pr‘es
961 3945 999 4012 A)
1027 3944 1119 3998 dicere
1147 3944 1233 3998 debes
1260 3944 1309 3997 ille

166 4054 224 4093 non
250 4037 385 4107 grauatus
413 4034 448 4088 de
474 4032 509 4088 116
536 4034 619 4088 rebus
647 4050 719 4102 quae
745 4031 894 4086 inscientia
921 4030 958 4084 611
982 4030 1130 4085 incolendo
1153 4047 1204 4085 nos
1228 4031 1310 4086 docet

169 4143 214 4180 116
245 4126 274 4179 id
305 4143 341 4180 611
374 4122 441 4193 quid
472 4122 550 4177 aliud
582 4124 611 4177 et
643 4139 660 4176 6
691 4120 792 4191 quibus
825 4120 980 4176 carceribus
1021 4120 1150 4173 decurrat
1181 4119 1308 4173 admetus

174 4213 304 4282 (admetat
326 4214 354 4268 A
372 4231 456 4281 corr,
479 4218 511 4268 ut
532 4213 653 4280 videtu,
677 4211 790 4265 6161616
813 4208 862 4280 Ab
884 4209 1005 4279 primum
1028 4207 1121 4276 inquit
1139 4206 1247 4276 (inquid
1271 4209 1308 4278 A)

178 4302 260 4356 PAB
278 4304 436 4359 discretum.
474 4301 592 4356 Stolon:
609 4319 671 4355 oum
690 4299 843 4370 aspexisset
858 4298 982 4353 Scrofam
996 4297 1089 4368 inquit
1103 4320 1109 4352 :
1125 4298 1155 4352 et
1173 4299 1266 4351 661616
1281 4299 1310 4353 61

180 4387 279 4445 bonore
305 4394 333 4448 et
360 4391 477 4448 scientia
504 4408 559 4460 qua
586 4391 714 4461 praestes
729 4412 736 4444 1
751 4391 842 4444 dicere
870 4387 963 4468 debes.
1004 4386 1056 4442 Ille
1083 4403 1139 4441 non
1166 4389 1308 4458 grauatus.

114 4506 118 4537 :
184 4473 219 4530 lle
242 4478 274 4534 iis
299 4483 380 4536 rebus
394 4503 400 4534 :
415 4496 487 4550 quae
515 4479 544 4534 in
569 4478 688 4534 seientia
707 4478 783 4532 611111
799 4477 873 4546 quod
891 4474 922 4530 in
940 4476 1057 4532 colendo
1075 4494 1127 4531 nos
1146 4477 1249 4531 docet:
1264 4493 1308 4530 616
