3000 5026
489 112 538 165 un
557 112 645 167 AGRI
664 110 834 179 cvnTvuA
853 112 881 168 Ο.
903 113 1030 169 27-31
1289 114 1332 178 39

188 279 313 340 aiteram
331 287 466 359 quartam
483 281 644 357 partemio
663 285 781 357 pratum
799 286 958 360 reservato,
977 279 1075 361 idque,
1099 299 1189 360 quiem
1206 284 1332 364 maxIpie

188 405 265 465 opus
290 388 359 467 erit,
383 386 436 447 ubi
459 386 593 445 favonius
616 385 711 467 dabit,
735 384 851 446 evehito
874 385 943 446 luna
967 386 1074 447 silenti.

278 492 380 554 Bubus
409 493 543 554 frondem
572 490 711 572 ulmeam,
741 491 932 573 populneam,
965 511 1134 574 querneam,
1167 493 1332 576 ficulneam,
1351 508 1424 566 xxx

133 636 136 640 -
186 600 375 679 usquedum
398 594 534 679 habebis,
565 598 642 659 dato.
683 597 787 659 ovibus
815 598 950 658 frondem
974 598 1110 678 viridem,
1141 599 1329 678 usquedum

140 717 162 760 5
183 706 325 786 habebis,
348 704 501 784 praebeto:
525 704 577 764 ubi
600 705 755 764 sementim
779 704 912 764 facturus
936 707 1004 786 eris,
1028 704 1070 764 ibi
1088 724 1157 765 oves
1176 705 1330 788 delectato,
1366 732 1368 736 ³

181 819 217 872 et
241 812 377 873 frondem
400 811 551 891 usquead
574 810 680 890 pabula
704 819 826 871 matura.
863 810 1005 889 pabulum
1028 812 1144 872 aridum
1163 813 1242 892 quod
1261 832 1329 873 con-

182 918 300 979 dideris
328 921 359 978 in
384 919 512 979 hiemem
536 936 624 997 quam
648 919 772 978 maxIme
797 924 984 999 conservato,
1012 920 1199 998 cogitateque
1222 919 1329 981 hiemis

183 1042 275 1102 quam
299 1024 385 1103 ionga
410 1027 474 1086 siet.
1266 1094 1269 1101 ,

275 1132 319 1193 Ad
344 1131 437 1192 oleam
460 1132 622 1210 cogendam
646 1150 721 1212 quae
745 1150 820 1210 opus
843 1138 932 1194 erunt
950 1139 1101 1210 parentur.
1138 1135 1328 1195 viminama-
1347 1157 1435 1215 XXXI

130 1261 161 1301 ιο
182 1246 267 1319 tura,
291 1238 364 1299 salix
387 1258 441 1319 per
464 1245 582 1317 tempus
605 1239 733 1318 legatur,
757 1241 802 1300 uti
825 1240 864 1299 sit
888 1239 966 1300 unde
994 1239 1133 1300 corbulae
1152 1241 1223 1301 [iant
1238 1250 1268 1302 et
1283 1262 1329 1302 ve-

179 1354 265 1406 teres
289 1347 465 1406 sarciantur.
502 1345 608 1406 fibulae
632 1346 710 1408 unde
734 1347 818 1427 fiant,
842 1346 940 1406 aridae
963 1347 1101 1429 iligneae,
1124 1347 1252 1429 ulmeae,
1275 1368 1328 1409 nu-

107 1533 111 1540 ·
179 1469 267 1533 ceae,
296 1451 452 1532 ficrrlneae,
480 1452 525 1512 iac
554 1455 585 1512 in
613 1461 730 1514 stercus
758 1460 809 1514 aut
836 1455 996 1533 inaquam
1023 1457 1223 1522 conicientur:
1251 1456 1328 1536 inde,

124 1584 127 1591 ’
178 1555 239 1618 ubi
260 1578 335 1638 opus
359 1562 428 1640 erit,
452 1559 557 1619 fibulas
581 1559 679 1620 facito.
717 1570 817 1622 vectes
840 1561 978 1642 iIIgneos,
1001 1562 1173 1643 acruiolios,
1201 1561 1328 1644 laureos,

176 1661 298 1725 ulmeos
322 1666 410 1725 facito
434 1667 479 1725 nti
503 1667 580 1726 sient
598 1669 702 1745 parati.
726 1666 842 1746 prelum
866 1687 901 1728 ex
918 1670 1039 1747 carpino
1063 1676 1125 1729 atra
1139 1670 1327 1747 potissimum
1347 1676 1382 1739 2,,
1422 1686 1423 1689 ’

133 1787 157 1828 u
177 1771 281 1833 facito.
319 1771 454 1852 ulmeam,
478 1773 605 1852 pineam,
628 1791 761 1852 nuceam,
785 1773 861 1834 hanc
880 1780 968 1852 atque
990 1773 1075 1834 aliam
1095 1777 1247 1836 materiem
1267 1795 1326 1836 om-

172 1893 252 1938 nem
274 1897 343 1939 cum
367 1878 502 1960 effodies,
530 1879 600 1939 luna
628 1880 820 1941 decrescente
849 1881 969 1941 eximito
992 1888 1060 1960 post
1083 1882 1238 1949 meridiem
1261 1885 1326 1943 sine
1391 1880 1394 1890 ⁴

255 2094 268 2142 1
288 2088 407 2143 alteram
425 2088 555 2156 quartam
573 2090 682 2157 partem
701 2105 722 2142 c.
738 2093 775 2143 50
795 2088 871 2144 Petu.
886 2093 931 2157 17,
946 2093 982 2145 57
1062 2096 1078 2143 3
1094 2090 1186 2144 Bubus
1200 2090 1325 2144 frondem

160 2171 260 2231 Plio.
278 2181 324 2244 16,
343 2182 381 2232 92
464 2176 547 2230 hubi
565 2175 713 2231 sementim
733 2177 811 2232 Pliu.
830 2182 876 2244 17,
895 2182 930 2233 55
1011 2177 1152 2233 9vimina
1170 2195 1192 2234 c.
1211 2183 1247 2233 33

158 2264 207 2313 13
229 2267 329 2321 vectes
350 2265 428 2320 Ptin.
447 2270 492 2333 16,
511 2271 568 2321 230
649 2273 682 2320 14
700 2267 809 2336 prelum
830 2267 1044 2334 Pla'n.16,193
1073 2267 1198 2322 Moerob.
1217 2272 1268 2323 aot.
1284 2268 1330 2322 VI

151 2350 263 2413 4,1e
336 2359 370 2408 15
388 2354 511 2409 ulmeam
530 2371 551 2410 c.
570 2359 607 2410 37

253 2541 269 2588 1
288 2532 444 2589 comaxime
462 2533 612 2603 posternae
630 2535 687 2589 loeo
705 2535 733 2586 A
752 2550 815 2587 enm
834 2532 953 2587 maxime
978 2533 1045 2602 Vef
1065 2552 1150 2604 quum
1169 2532 1290 2588 maxime
1308 2535 1324 2588 b

147 2609 231 2672 bum
266 2623 386 2678 maxime
403 2621 549 2678 reanum
638 2629 654 2675 2
678 2621 790 2676 euehito
815 2622 871 2676 VR
894 2621 989 2677 nehito
1008 2625 1036 2676 A
1125 2622 1192 2677 luna
1211 2621 1324 2678 sitiente

151 2697 296 2768 Plinius
314 2718 358 2780 17,
378 2717 414 2768 57

243 2807 267 2856 3
286 2802 320 2856 n.
340 2801 455 2855 XXXIII
473 2800 567 2854 Bubus
585 2799 712 2854 frondem
730 2799 812 2853 APb
837 2797 981 2863 Quomodo
1000 2799 1090 2853 bubus
1109 2798 1158 2852 des
1177 2799 1206 2852 et
1223 2799 1322 2852 ouibus

151 2874 306 2946 f¹⁰11dem
320 2908 337 2945 o
391 2890 539 2944 ficulneam
553 2888 665 2955 RVa‘ct.‚
683 2887 815 2942 fieuinam
829 2888 857 2942 A
875 2886 1059 2955 fieulnamque
1075 2887 1104 2940 P
1120 2885 1322 2954 ficulneamqne

153 2978 170 3016 υ
286 2980 360 3034 aad
383 2979 488 3049 pabula
505 2979 616 3033 matura
636 2977 728 3031 PAR
755 2975 792 3032 ed
815 2975 921 3046 pabula
937 2973 1049 3030 matura
1066 2974 1168 3030 daton
1258 2973 1322 3028 tin

156 3051 301 3124 hiemem
314 3070 508 3135 Schneiderus,
526 3068 556 3122 in
573 3065 666 3122 hieme
680 3067 743 3121 AR
761 3065 791 3119 in
808 3066 908 3135 hyeme
927 3065 954 3118 V
1023 3063 1124 3119 hiemis
1139 3079 1224 3132 quam
1237 3063 1323 3132 longo

160 3140 211 3200 siet
243 3158 269 3212 b
293 3158 394 3213 hiemis
417 3157 499 3228 quasi
523 3157 608 3226 longa
631 3157 685 3213 siet
703 3156 730 3208 A
759 3155 848 3209 hiems
873 3171 957 3225 quam
975 3154 1062 3222 longa
1080 3153 1133 3208 siet
1157 3153 1183 3206 V
1212 3139 1321 3222 hyeinis

161 3245 265 3301 ‘iiim
282 3248 365 3317 longe
385 3248 438 3302 siet
457 3265 471 3302 e
489 3245 596 3316 hyemis
615 3263 700 3314 quam
717 3245 803 3314 ionga
820 3245 870 3299 fiet
887 3245 906 3312 f

238 3340 267 3388 9
285 3337 318 3393 R.
337 3336 469 3390 XXXIIII
490 3335 535 3388 Ad
558 3335 648 3390 oleam
667 3333 821 3403 cogendam
840 3349 912 3401 quae
930 3349 1012 3402 pares
1032 3374 1038 3387 .
1057 3333 1149 3386 oleam
1168 3332 1322 3400 cogendam

163 3409 186 3462 II
203 3421 406 3481 effitiundam
432 3424 617 3494 (efficiendam
638 3425 675 3493 P)
701 3423 794 3476 locato
813 3421 874 3475 ΑΡ
898 3421 942 3475 Ad
965 3422 1057 3476 oleam
1075 3421 1229 3490 cogendam
1248 3436 1320 3488 qnae

164 3512 257 3564 neres
280 3517 296 3569 b
323 3514 367 3568 Ad
391 3514 482 3569 oleam
505 3513 660 3582 cogendam
687 3520 758 3580 quae
782 3527 851 3580 opus
879 3510 936 3564 sint
959 3527 976 3564 o
1090 3515 1134 3569 ,11
1154 3508 1245 3564 taleae
1269 3507 1321 3562 ari-

165 3584 205 3641 dii
268 3605 380 3660 contenit
414 3602 568 3658 Pontedera
595 3618 626 3671 p.
660 3605 697 3655 46
823 3604 855 3652 12
888 3597 1061 3665 coniciuntur
1089 3597 1152 3652 PR
1184 3613 1262 3651 eon.
1285 3639 1291 3652 .
1314 3595 1319 3667 ι

165 3673 316 3746 nii-ianm,
341 3693 451 3748 duabus
474 3692 571 3746 letteren
593 3692 624 3745 iu
646 3693 700 3758 fiae
722 3705 814 3745 uersos
832 3688 925 3744 deletis
942 3687 970 3741 A
998 3687 1214 3741 conficianturv

163 3816 166 3821 -
243 3784 285 3836 13
304 3781 424 3852 iligneos
449 3780 505 3834 VR
531 3778 651 3848 iligneas
670 3780 697 3832 A
769 3776 919 3832 aerufoIIos
939 3775 998 3829 PR
1008 3775 1087 3843 Vter,
1114 3772 1321 3843 iugerufoiios,

169 3853 204 3907 Μ
228 3866 327 3926 deleto
346 3888 365 3940 g
384 3870 411 3923 A
439 3867 622 3938 aquifolios‘o
645 3874 669 3922 et
689 3868 802 3922 Pla'ne'ue
820 3872 857 3921 16
861 3907 870 3933 ,
888 3869 946 3921 230
1037 3867 1070 3916 14
1092 3861 1136 3915 uti
1161 3861 1234 3916 sient
1253 3862 1321 3916 Pbc

172 3940 205 3994 III
226 3958 375 4013 scienta
394 3959 437 4012 uti
453 3959 522 4013 fient
539 3960 573 4025 fo
663 3957 772 4026 prelum
791 3956 818 4008 A
841 3953 950 4027 prelum
969 3953 985 4005 b
1004 3950 1130 4020 praelum
1155 3950 1198 4005 Vc
1286 3966 1320 4006 ex

177 4038 294 4102 carpino
312 4047 402 4103 PAR
420 4053 445 4102 ct
463 4048 566 4104 codices
589 4045 714 4112 Victorii,
733 4045 768 4098 de
787 4043 904 4113 sappino
923 4059 939 4096 o
958 4053 992 4095 ex
1011 4037 1127 4109 sappino
1144 4038 1257 4093 Plinius
1274 4041 1320 4105 16,

182 4122 223 4174 193
302 4141 334 4191 16
349 4138 414 4206 post
432 4135 577 4191 meridiem
596 4134 654 4189 sine
673 4136 758 4188 uento
776 4133 817 4187 Α2
834 4149 850 4185 v
869 4136 894 4186 ct
914 4129 1040 4198 Plistica,
1059 4130 1124 4197 post
1143 4126 1272 4183 meridies
1289 4126 1319 4180 in

190 4214 267 4274 unta
284 4224 372 4280 PAR
476 4275 479 4279 .
