3000 5026
378 339 508 397 RERVM
526 342 764 400 RVSTIGARVM
782 347 850 401 LlB.
869 348 882 401 I
903 342 1023 400 11-12
1210 351 1274 415 145

130 521 203 582 quae
227 507 322 584 posita
346 514 393 568 est
416 508 451 568 ad
476 518 595 572 exortos
615 512 854 591 aequinoctiales,
878 517 1038 597 aptissima,
1063 517 1141 595 quod
1161 526 1272 578 aestate

124 609 216 672 habet
240 612 384 697 umbram,
407 615 504 677 hieme
529 619 629 680 solem.
676 622 720 680 sin
745 639 852 700 cogare
876 622 1039 683 secundum
1062 623 1173 684 flumen
1194 625 1271 686 aedi·

122 718 224 800 ficare,
249 723 413 784 curandum
439 743 476 785 ne
500 725 651 787 adversam
676 746 740 787 eam
762 746 869 807 ponas:
893 730 990 790 bieme
1014 732 1093 790 enim
1116 732 1167 791 iiet
1185 722 1271 792 vebe-

118 836 241 888 menter
265 828 370 908 frigida
393 839 423 892 et
442 841 552 894 aestate
572 852 631 894 non
650 834 785 896 salubris.
831 835 1043 897 advertendum
1063 840 1160 919 etiam,
1183 841 1296 918 siqua2
1354 915 1356 920 Ι

65 958 90 1000 5
117 944 213 996 erunt
234 935 299 998 loca
317 938 468 1022 palustria,
492 949 522 1001 ct
540 950 663 1021 propter
682 942 799 1003 easdem
819 961 931 1023 causas,
955 952 984 1003 et
1004 945 1082 1022 quod
1103 945 1269 1022 [arescunt]

114 1052 265 1104 crescunt
288 1046 423 1107 animalia
447 1048 589 1126 quaedam
613 1051 740 1130 minuta,
769 1068 844 1129 quae
867 1069 926 1110 non
949 1058 1077 1130 possunt
1100 1050 1178 1111 oculi
1201 1070 1269 1111 con·

111 1153 223 1231 sequi,
252 1158 282 1212 et
309 1170 363 1230 per
392 1171 459 1214 aera
487 1157 568 1216 intus
595 1159 626 1216 in
655 1175 764 1235 corpus
788 1175 898 1236 poros
922 1177 955 1219 ac
979 1175 1067 1218 nares
1091 1160 1269 1236 perveniunt

108 1265 211 1337 atque
236 1259 369 1320 efficiunt
393 1262 521 1323 difficilis
543 1261 672 1323 morbos.
719 1263 900 1346 Fundanius,
925 1264 1001 1335 Quid
1025 1272 1139 1346 potero,
1162 1267 1268 1346 inquit,

102 1366 234 1447 facere,
259 1369 285 1427 si
308 1370 394 1429 istius
417 1369 498 1429 modi
521 1372 562 1429 mi
587 1369 697 1431 fundus
720 1371 879 1431 hereditati
903 1360 1064 1453 obvenerit,
1088 1391 1147 1450 quo
1171 1375 1268 1432 minus

41 1499 64 1539 ιο
94 1472 291 1556 pestilentia
328 1474 455 1537 noceat?
508 1477 589 1538 lstuc
622 1475 667 1536 vel
700 1496 754 1556 ego
788 1497 910 1557 possum
942 1479 1138 1559 respondere,
1175 1481 1272 1557 inquit

88 1582 243 1658 Agrius:
277 1583 399 1664 vendas,
431 1591 504 1661 quot
532 1582 647 1644 assibus
674 1583 784 1666 possis,
813 1594 864 1647 aut
886 1588 912 1646 si
936 1603 1079 1666 nequeas,
1107 1584 1266 1664 relinquas.

83 1691 160 1755 At
188 1688 304 1771 Scrofa,
336 1689 508 1773 Vitandum,
539 1694 649 1773 inquit,
681 1710 719 1752 ne
751 1694 783 1753 in
811 1712 874 1753 eam
902 1700 1024 1776 partein⁸
1045 1701 1160 1771 spectet
1188 1692 1292 1774 villa,3

76 1819 127 1862 e
164 1795 270 1874 quibus
294 1805 399 1858 ventus
423 1800 540 1876 gravior
568 1818 604 1859 ex
632 1800 668 1858 iis
697 1799 832 1877 partibus
860 1799 968 1859 adilare
996 1799 1102 1882 soleat,
1133 1819 1207 1861 neve
1236 1803 1267 1860 in

71 1903 246 1970 convalli
275 1923 343 1965 cava
371 1912 401 1965 et
428 1913 462 1965 ut
489 1907 588 1984 potius
616 1908 647 1966 in
676 1905 796 1966 sublimi
824 1905 889 1966 loco
923 1907 1074 1981 aedifices,
1107 1909 1159 1985 qui
1187 1906 1266 1986 quod

26 2039 48 2078 n
59 2009 274 2099 perdatur,
297 2011 404 2091 siquod
428 2020 474 2073 est
498 2013 575 2091 quod
600 2013 801 2073 adversarium
825 2013 1120 2092 inle1·atur,'iacilius
1144 2013 1265 2074 discuti·

58 2133 182 2184 tur.
223 2128 377 2196 praeterea
409 2119 486 2198 quod
517 2120 553 2179 ab
577 2120 638 2180 sole
662 2128 724 2181 toto
748 2119 796 2179 die
818 2119 1009 2194 inlustratur,
1038 2120 1186 2180 salubrior
1209 2127 1264 2200 est,

59 2225 200 2306 quod
231 2235 262 2286 et
293 2225 449 2306 bestiolae,
467 2228 583 2305 'siquae
616 2245 708 2306 prope
742 2234 906 2287 nascuntur
939 2235 969 2287 et
1000 2228 1187 2308 inseruntur,
1214 2235 1265 2286 aut

58 2329 257 2393 afflantur
284 2340 336 2393 aut
363 2332 510 2393 aritudine
535 2336 593 2393 cito
616 2342 753 2412 pereunt.
799 2333 893 2394 nimbi
915 2336 1064 2414 repentini
1087 2352 1120 2394 ao
1144 2337 1290 2395 terren-4

59 2445 173 2496 tes
190 2438 269 2500 llurii
292 2439 454 2518 periculosi
476 2439 543 2520 illis,
568 2443 618 2520 qni
642 2443 671 2501 in
696 2440 859 2502 humilibus
883 2460 917 2501 ac
941 2443 1020 2501 cavis
1038 2441 1112 2502 locis
1131 2441 1264 2501 aedilicia

23 2542 241 2627 cubabant,
267 2554 298 2607 et
322 2549 493 2626 repentinae
517 2548 700 2625 praedonum
724 2567 830 2609 manus
854 2548 932 2627 quod
956 2550 1124 2627 inprovisos
1148 2548 1263 2609 facilius

63 2655 287 2730 opprimere
309 2661 449 2735 possunt,
473 2654 509 2715 ab
533 2655 587 2715 bac
611 2663 737 2734 utraque
761 2658 916 2734 superiora
940 2657 1004 2716 loca
1028 2657 1146 2717 tutiora.

179 2919 191 2967 1
206 2915 299 2986 posita
318 2917 361 2970 est
374 2915 434 2969 AB
452 2914 588 2968 Victorius
606 2913 699 2982 posita
717 2912 754 2966 sit
773 2913 800 2966 V
851 2915 962 2967 exortos
979 2914 1069 2967 PAB
1088 2918 1200 2969 exortus
1214 2934 1262 2971 mo

178 3006 291 3062 thabat
305 3006 362 3060 ΡΒ
380 3003 517 3059 Victorius
534 3001 622 3056 habes
636 3002 663 3055 A
681 3000 815 3056 habeato
868 3002 968 3055 umbra
981 3001 1009 3055 A
1023 3018 1092 3057 corr.
1106 3003 1206 3057 umbra
1220 3005 1262 3058 Aa

191 3093 287 3166 hyeme
312 3094 338 3147 V
384 3093 472 3148 solem
495 3092 709 3161 superscriptum
731 3092 763 3145 ira
786 3091 813 3144 A
867 3087 911 3143 sin
929 3107 949 3158 g
967 3107 1076 3160 cogare,
1095 3092 1141 3146 sed
1159 3110 1178 3161 g
1196 3098 1261 3162 post

76 3162 163 3229 ⁸5⁵¹}
181 3183 288 3240 deletam
302 3184 329 3237 A
383 3189 399 3236 3
418 3182 570 3236 aduersum
582 3198 646 3236 eum
665 3179 756 3234 PAB
771 3179 918 3234 aduersum
937 3170 1064 3234 autumo
1117 3179 1217 3250 hyeme
1237 3182 1263 3234 V

191 3276 206 3324 4
223 3271 426 3328 aduertendum
445 3273 523 3325 Boeo
542 3271 725 3325 auertendum
743 3268 799 3323 PA
872 3273 888 3322 b
906 3269 1036 3322 arescunt
1057 3270 1153 3325 deleuit
1177 3272 1259 3326 Zabi·

86 3339 188 3412 fssldt
206 3367 306 3431 quaeat.
330 3362 390 3416 erit.
409 3362 442 3414 iu
465 3360 546 3414 Vorr.
564 3375 616 3414 rer.
634 3364 700 3414 ruet.
722 3359 783 3413 libr.
799 3375 829 3426 p.
848 3363 885 3413 18
957 3363 973 3412 6
992 3357 1113 3426 quedam
1130 3364 1135 3427 Ι
1150 3359 1260 3415 minuta

10 3498 14 3511 ,
90 3442 235 3504 ‘illelom
253 3449 372 3517 minuta,
391 3451 437 3504 sed
454 3447 564 3503 minuta
577 3450 728 3518 posteriore
746 3449 803 3502 loco
821 3448 935 3501 deletum
952 3446 981 3499 A
1053 3454 1069 3502 8
1089 3447 1213 3503 effitiunt
1232 3450 1258 3502 A

100 3604 105 3615 ‚
198 3537 319 3594 difficilis
338 3538 430 3592 PAB
447 3536 576 3592 difficiles
594 3554 610 3592 o
682 3536 794 3591 morbus
812 3552 881 3591 corr.
901 3566 935 3575 -
954 3551 985 3590 os
999 3535 1027 3589 A
1097 3535 1190 3604 inquit
1208 3537 1259 3590 VB

99 3623 220 3691 luquid·
231 3627 259 3681 A
315 3634 330 3681 9
350 3627 389 3681 mi
408 3628 466 3681 ΡΒ
485 3626 623 3682 Victorius
639 3627 669 3679 in
687 3641 756 3681 corr.
774 3623 815 3677 mi
828 3626 855 3678 A
874 3623 979 3679 mihio
1033 3623 1185 3680 hereditati
1198 3625 1258 3678 AB

104 3729 283 3830 baereditati
299 3751 328 3805 P
344 3751 547 3807 haereditaten
612 3757 645 3805 10
663 3751 783 3804 noceant
797 3749 825 3804 A
883 3725 988 3824 possim
1006 3750 1035 3804 A
1092 3749 1185 3818 inquit
1203 3750 1258 3804 VB

109 3837 257 3904 111qnidA
331 3846 363 3895 11
389 3842 457 3911 quot
479 3839 588 3895 assibus
612 3840 668 3894 VB
690 3840 766 3908 quod
788 3837 895 3892 assibus
913 3840 941 3893 A
1012 3855 1119 3907 nequae
1138 3842 1165 3893 A
1188 3855 1256 3894 corr.

113 3927 236 3994 ne(lineas
258 3929 301 3984 A'
374 3937 405 3985 12
429 3930 521 3999 inquit
544 3929 600 3982 VB
622 3927 723 3998 inquid
745 3926 774 3981 A
844 3942 880 3980 ne
907 3925 937 3980 in
961 3943 1008 3980 eas
1031 3928 1125 3996 partes
1149 3928 1258 3996 spectet

10 4029 29 4083 ξ·
117 4002 198 4086 uilla,
221 4035 255 4074 ex
278 4018 380 4088 quibus
403 4020 503 4073 uentus
526 4018 641 4088 grauior
663 4017 759 4071 afflare
783 4014 873 4070 soleat
895 4015 1042 4069 Iucundos
1113 4013 1211 4066 uillam
1229 4013 1257 4066 A

10 4166 12 4173 ,
192 4114 220 4162 18
238 4107 342 4164 adflare
355 4108 384 4161 A
402 4108 496 4164 afflare
514 4107 571 4161 VB
630 4111 663 4160 15
681 4108 796 4173 fmtaase
814 4103 838 4157 ei
857 4103 901 4157 est
920 4102 993 4170 quod
1054 4106 1086 4154 16
1106 4101 1142 4154 ab
1157 4100 1216 4154 sole
1234 4100 1260 4153 V

10 4217 40 4258 ‚rr¹
125 4192 210 4250 Rbole
225 4198 287 4252 AB
358 4196 523 4251 inlustratur
539 4197 565 4249 A
584 4194 742 4249 illustratur
761 4194 818 4248 VB
890 4190 1028 4246 salubrior
1046 4191 1090 4244 est
1109 4189 1164 4243 VB
1183 4188 1256 4243 salu·

10 4284 43 4352 usi
127 4263 207 4338 bfiori
228 4287 255 4340 A
329 4290 361 4338 18
384 4286 508 4339 torentes
526 4286 554 4339 A
628 4291 662 4339 20
680 4282 838 4353 inprouisos
855 4282 884 4335 A
902 4277 1069 4348 improuisos
1094 4279 1149 4332 VB
1221 4283 1254 4332 21

10 4373 45 4434 ab
133 4357 161 4415 tt
181 4370 226 4428 hac
248 4376 365 4443 uaeque
383 4375 442 4428 ΡΒ
465 4374 500 4427 ab
523 4390 556 4428 ac
579 4375 697 4441 utraque
715 4373 742 4426 A
765 4372 801 4426 ab
825 4373 945 4439 utroque
963 4387 979 4424 o
994 4410 1000 4423 .
1015 4371 1130 4437 fortasse
1148 4368 1183 4422 ab
1202 4370 1257 4422 hae

10 4462 48 4537 ,aa
135 4449 232 4528 iliaque
249 4478 279 4517 re
