3000 5026
489 142 617 197 RERVM
635 139 872 198 Rusutcnltvlt
889 141 955 197 LIB.
974 141 1001 194 ΙΙ
1022 138 1038 193 1
1273 139 1338 203 213

196 311 312 371 curatio
342 307 494 387 [eutrandi]
528 310 614 388 sequi
646 307 760 369 debeat.
806 308 869 369 fere
900 308 1073 369 morborum
1102 325 1209 368 causae
1237 309 1386 387 erunt,22

196 417 275 497 quod
298 415 432 479 laborant
455 424 579 496 propter
601 423 701 477 aestus
724 422 775 475 aut
797 423 919 494 propter
942 415 1066 495 frigora,
1089 433 1144 475 nec
1167 432 1227 474 non
1251 415 1339 475 etiam

197 530 318 603 propter
344 523 469 584 nimium
498 520 629 583 laborem
657 529 708 582 aut
735 529 839 582 contra
867 521 976 583 nullam
1003 524 1259 601 exercitationem,
1288 528 1339 580 aut

32 702 39 713 ί
71 690 73 697 χ
196 630 233 710 si,
266 647 337 691 cum
364 630 547 709 exercueris,
581 629 680 689 statim
709 629 772 687 sine
801 628 954 690 intervallo
983 629 1082 691 cibum
1110 638 1161 689 aut
1188 630 1338 706 potionem

71 720 95 769 A
173 735 321 798 tdcdcris.
366 737 449 814 signa
477 742 576 796 autem
604 742 687 815 sunt,
716 742 749 794 ut
776 753 879 795 eorum
908 739 960 815 qui
984 734 1037 814 [si]
1062 755 1078 796 e
1101 735 1201 795 labore
1224 734 1337 795 febrem

193 839 316 922 babent,
347 841 522 920 adapertum
553 859 587 902 os
619 841 719 902 umido
749 843 857 920 spiritu
885 842 992 916 crebro
1021 852 1051 903 et
1079 861 1205 921 corpore
1234 841 1336 902 calido.

169 951 306 1031 ,curado
334 957 446 1029 autem,
473 967 542 1010 oum
568 949 616 1009 bio
640 956 685 1008 est
708 948 843 1028 morbus,
871 948 952 1010 baec.
993 950 1183 1029 perfunditur
1206 966 1281 1028 aqua
1304 946 1385 1009 et23

180 1058 391 1136 perunguitur
417 1056 482 1116 oleo
513 1064 543 1115 et
570 1057 638 1115 vino
666 1056 825 1136 tepefacto,
854 1064 884 1116 et
910 1058 983 1116 item
1012 1056 1078 1116 cibo
1102 1058 1280 1128 sustinetur,
1308 1063 1338 1115 et

172 1163 313 1225 inicitur
339 1162 463 1243 aliquid,
492 1181 528 1222 ne
556 1164 650 1240 frigus
674 1161 782 1222 laedat:
810 1164 923 1222 sitienti
946 1182 1022 1243 aqua
1046 1163 1144 1242 tepida
1168 1162 1263 1222 datur.
1311 1163 1337 1221 si

100 1284 147 1326 10
166 1270 245 1332 hoc
273 1287 370 1348 genus
398 1268 489 1330 rebus
516 1287 577 1328 non
604 1269 773 1349 proficitur,
806 1269 972 1330 demittitur
1001 1272 1134 1350 sanguis,
1166 1270 1292 1330 maxime
1320 1287 1336 1328 e

156 1379 295 1456 capite.
340 1379 412 1438 item
435 1376 471 1436 ad
496 1376 569 1437 alios
591 1375 712 1437 morbos
735 1375 808 1437 aliae
832 1395 938 1437 causae
962 1385 992 1437 et
1015 1377 1070 1437 alia
1090 1380 1181 1456 signa,
1204 1377 1336 1435 inomni

144 1502 298 1569 pecore
332 1501 408 1563 quae
441 1485 551 1562 scripta
584 1482 693 1543 habere
721 1491 839 1560 oportet
867 1486 1040 1562 magistrum
1068 1484 1195 1562 pecoris.
1243 1479 1383 1541 relic-24

138 1593 291 1674 quitur
315 1608 427 1651 nonum
451 1589 530 1668 quod
554 1590 629 1670 diri,
652 1589 689 1650 de
713 1607 847 1669 numero,
872 1592 1029 1670 utriusque
1052 1592 1146 1670 partis
1168 1607 1335 1650 commune.

128 1715 254 1764 nam
283 1703 315 1758 et
341 1698 395 1776 qui
420 1704 505 1774 parat
533 1714 625 1775 pecus
652 1714 775 1756 necesse
804 1704 850 1756 est
878 1699 1040 1758 constituat
1067 1715 1238 1777 numerum,
1262 1703 1335 1776 quot

7 1825 84 1866 -15
120 1820 294 1889 greges
316 1812 346 1865 et
370 1810 496 1881 quantos
519 1805 559 1863 sit
582 1810 732 1883 pasturus,
756 1821 792 1863 ne
818 1813 868 1864 aut
887 1805 979 1865 saltus
998 1804 1096 1866 desint
1114 1812 1165 1864 aut
1184 1804 1335 1882 supersint

116 1919 217 1976 et
239 1909 306 1971 ideo
325 1910 441 1970 fructus
460 1909 639 1988 dispereant.
684 1917 839 1988 practerea
858 1913 935 1971 scire
955 1919 1080 1991 oportet,
1103 1913 1135 1970 in
1154 1927 1242 1988 grege
1262 1915 1335 1986 quot

109 2017 311 2083 feminas
334 2014 449 2090 habeat,
473 2035 547 2095 quae
571 2034 676 2094 parere
695 2024 830 2098 possunt,
853 2027 925 2096 quot
944 2021 1061 2100 arietes,
1085 2024 1157 2096 quot
1176 2017 1332 2094 utriusque

104 2101 305 2205 generis
333 2121 466 2202 suboles,
495 2130 568 2200 quot
595 2122 724 2182 reiculae
753 2124 813 2183 sint
840 2122 1019 2184 alienandae.
1066 2126 1096 2183 in
1120 2122 1279 2202 alimoniis,
1307 2122 1334 2181 si

259 2458 273 2508 1
292 2453 399 2509 curatio
418 2452 534 2508 curandi
552 2453 609 2507 PB
627 2471 675 2508 eur
694 2455 767 2509 ratio
786 2455 903 2509 curandi
916 2458 943 2510 A
963 2456 1071 2511 curatio
1089 2474 1106 2512 n
1125 2454 1197 2510 ratio
1216 2455 1332 2509 curandi

96 2536 156 2587 I
149 2543 333 2597 uonrdne
403 2558 489 2595 causa.
507 2544 588 2596 erunt
601 2542 629 2594 A
701 2542 842 2611 ifrigora
856 2545 936 2600 ABn
955 2544 1062 2613 frigore
1075 2545 1104 2598 P
1172 2544 1331 2598 elaborem

93 2625 193 2677 ¹11*-
243 2629 406 2685 contrariam
429 2630 537 2684 nullam
562 2630 622 2684 AB
645 2630 771 2684 laborem
794 2633 826 2684 ut
850 2631 1019 2686 contrarium
1036 2633 1144 2686 nullam
1162 2632 1191 2685 P
1205 2632 1330 2686 laborem

94 2717 422 2774 autonomiam
441 2719 577 2773 nullamo
596 2716 721 2772 laborem
739 2720 789 2773 aut
807 2721 906 2774 contra
923 2723 1037 2789 propter
1056 2720 1163 2774 nullam
1183 2722 1330 2774 Incnndns

240 2807 380 2879 tticum
398 2807 452 2861 ΥΒ
472 2809 576 2863 siccum
595 2806 623 2860 A
677 2811 693 2862 tt
712 2806 837 2876 quisine
857 2823 891 2862 ex
910 2810 990 2862 aestu
1009 2807 1068 2861 siue
1083 2825 1098 2861 e
1112 2809 1208 2863 labore
1222 2807 1329 2862 febrem

96 2877 301 2966 habent,
329 2896 495 2967 adapertum
523 2913 554 2951 os
581 2895 698 2951 humido
726 2895 827 2966 spiritu
849 2896 1005 2952 Incnndns.
1048 2896 1162 2952 ‘Vitiosi
1185 2903 1250 2952 snnt
1277 2900 1329 2952 irae

95 2980 262 3040 Pavo
279 2987 389 3056 orrtipnr'
407 2986 522 3053 codices,
546 2987 694 3040 communis
712 2986 789 3039 tento
808 2992 918 3054 operto,
941 2989 966 3040 si
983 2987 1131 3041 motinella
1148 3002 1216 3041 nera
1234 2992 1284 3054 est,
1304 2992 1328 3041 et

98 3067 242 3126 '2021
261 3076 295 3130 ab
318 3075 411 3144 aliquo
434 3079 580 3130 correctore
603 3075 794 3142 conformata:
810 3072 864 3139 Qui
888 3074 912 3129 si
934 3092 949 3130 e
973 3075 1069 3130 labore
1092 3075 1198 3130 febrem
1221 3077 1328 3131 habent

103 3146 347 3238 &fiapcrtum
369 3163 485 3218 humido
504 3163 619 3233 spiritu,
644 3162 705 3217 etc'
729 3161 868 3219 Victorino
938 3162 1029 3232 quisi
1049 3180 1063 3218 a
1085 3163 1182 3219 labore
1200 3165 1261 3219 AB
1280 3165 1328 3234 qui

106 3241 160 3282 ⁸1
236 3249 328 3306 labore
352 3251 380 3305 P
404 3251 451 3320 qui
480 3251 538 3306 sine
566 3253 700 3306 laboren
791 3257 807 3306 6
835 3268 866 3305 os
889 3267 940 3308 cm.
970 3251 1058 3307 VAB
1148 3251 1243 3308 umido
1269 3253 1327 3307 ΡΑ

108 3310 295 3419 hyrcino
318 3340 367 3393 Bo
463 3346 478 3396 't
506 3342 620 3395 morbus
647 3343 679 3394 in
705 3341 759 3408 fine
781 3342 905 3409 popinae
931 3357 982 3394 orn.
1011 3340 1045 3408 V,
1072 3342 1136 3396 odd.
1161 3341 1220 3394 AB
1309 3347 1326 3395 8

116 3412 246 3481 Qbo
267 3429 322 3482 ΥΒ
341 3427 400 3494 cib3
419 3430 447 3484 A
465 3429 543 3483 cibus
561 3446 588 3483 m
652 3436 667 3483 9
686 3427 810 3483 iniicitur
833 3428 858 3481 V
927 3429 1023 3484 laedet
1046 3428 1163 3484 Ursinus
1182 3430 1281 3484 caedat
1298 3430 1325 3483 Β

120 3507 265 3570 eedut
292 3517 347 3571 VA
438 3516 548 3573 sicienti
570 3518 598 3571 A
690 3523 722 3571 10
746 3515 904 3571 demittitur
929 3518 1016 3573 VBm
1040 3517 1191 3573 dimittitur
1210 3521 1236 3572 A

123 3594 294 3674 Sanguis
322 3605 442 3660 maxime
465 3623 480 3661 e
509 3605 601 3676 capita
624 3586 652 3660 Β
680 3605 793 3677 sanguis
817 3607 962 3676 cacapite
986 3606 1105 3662 maxime
1129 3626 1163 3662 ea
1186 3609 1279 3679 eapite
1297 3609 1326 3664 A

127 3683 294 3761 Sanguis
318 3693 437 3747 maxime
461 3711 478 3748 e
502 3694 593 3764 eapite
616 3694 643 3749 V
712 3702 745 3750 14
763 3696 831 3763 quot
849 3710 948 3763 greges
967 3696 1015 3749 Bo
1034 3696 1110 3763 qnod
1128 3713 1228 3766 greges
1248 3699 1276 3750 P
1293 3702 1326 3771 qt

132 3760 203 3826 0²·
238 3798 257 3836 e.
275 3783 350 3852 quod
369 3799 437 3837 corr.
457 3784 536 3852 quot)
556 3799 654 3853 greges
673 3784 701 3838 A
775 3788 807 3836 15
827 3785 945 3852 quantos
970 3784 1089 3838 Ursinus
1106 3787 1212 3852 quanto
1237 3787 1325 3841 VAB

253 3871 414 3961 sutu‘lbint
430 3907 458 3960 Β
530 3911 678 3976 supersunt
695 3909 723 3961 A
798 3914 829 3963 16
852 3909 999 3976 praeterea
1022 3906 1078 3959 ΥΒ
1096 3907 1246 3976 propterea
1265 3908 1323 3961 An

254 3999 284 4048 17
299 3993 433 4050 foeminas
447 3995 474 4049 V
523 3997 709 4066 possuntAB
727 3996 864 4052 Victorino
873 3994 982 4064 possint
995 3993 1022 4048 V
1067 3995 1136 4064 quot
1149 3995 1250 4050 arietes
1266 3996 1322 4050 ΥΒ

143 4075 256 4134 quod
268 4084 370 4138 arictes
385 4082 413 4136 A
462 4086 531 4153 quot
543 4085 688 4154 utriusque
702 4086 749 4140 Bo
764 4085 839 4152 quod
852 4083 997 4152 utriusque
1012 4084 1069 4138 PA
1121 4089 1154 4137 18
1169 4085 1280 4140 suboles
1296 4086 1324 4139 P

146 4157 381 4231 ⁸0b010sABv
452 4175 521 4240 quot
538 4173 671 4228 reiculae
689 4191 705 4229 a
723 4173 799 4242 quod
817 4173 898 4245 epulg
915 4171 973 4226 ΡΑ
992 4175 1061 4240 quot
1078 4173 1178 4243 epulae
1196 4174 1232 4229 B.
1271 4173 1323 4232 ‘In

151 4250 286 4314 ⁰wncttc
303 4278 388 4316 monn
406 4261 517 4332 scriptis
535 4259 610 4326 Quot
627 4263 740 4334 epulae,
758 4263 891 4332 seriptum
908 4261 1015 4319 inneni'
1043 4262 1181 4320 Victorino
