3000 5026
382 112 512 168 unsrun
530 76 769 168 Rusuccuru
787 111 854 168 urs.
874 111 913 164 m
934 104 973 161 rc
1198 109 1262 184 309

118 300 176 343 non
204 282 236 341 iu
259 279 344 341 villae
367 283 484 359 porticu
508 298 627 359 quoque
651 279 785 360 quidam,
814 297 871 357 quo
895 280 990 339 tutius
1013 285 1126 357 essent,
1155 277 1263 338 alvaria

118 387 306 449 collocarent.
352 387 404 448 uhi
433 389 507 466 sint,
537 386 587 448 alii
610 387 722 447 iaciunt
745 405 780 447 ex
805 384 964 445 viminibus
987 385 1145 465 rutundus,
1173 384 1262 444 aliie

68 482 73 486 ⁴
116 495 196 574 ligno
221 513 255 556 sc
278 494 451 574 corticibus,
475 494 525 554 alii
547 512 582 553 ex
606 493 712 554 arbore
736 512 814 573 cava,
838 492 887 552 alii
911 491 1024 569 fictiles
1048 491 1097 551 alii
1120 492 1262 551 etiamen

117 601 220 663 ferulis
248 601 405 680 quadratas
433 601 534 680 longas
563 601 653 681 pedes
677 602 798 661 circiter
822 607 936 678 ternos,
965 598 1038 659 latas
1061 598 1180 677 pedem,
1209 598 1261 658 scd

81 723 97 764 s
117 710 165 788 ita,
188 707 241 769 ubi
263 725 368 786 parum
388 715 457 767 sunt
476 725 551 785 quae
570 706 735 787 conpleant,
758 715 792 767 ut
811 724 860 766 eas
880 713 1104 785 conangustent,
1128 707 1159 764 in
1179 711 1260 765 vasto

114 815 179 875 loco
202 817 284 875 inani
307 833 345 875 oe
369 813 570 892 despondeant
593 815 732 873 animum.
779 813 851 872 haec
876 815 972 872 omnia
998 820 1103 872 vocant
1126 831 1141 871 a
1165 811 1261 872 mellis

115 921 254 982 alimonio
282 919 375 1000 alvos,
404 937 477 997 quas
505 918 571 978 ideo
600 919 738 979 videntur
766 919 878 979 medias
908 920 1004 979 lacere
1028 920 1261 997 angustissimas,

115 1034 149 1088 ut
176 1027 301 1104 figuram
329 1021 483 1086 imitentur
512 1044 621 1086 carum.
669 1025 763 1086 vitiles
792 1026 860 1086 fimo
890 1025 1003 1086 bubulo
1022 1025 1158 1085 oblinunt
1180 1026 1313 1085 intus16

113 1142 144 1195 et
168 1141 260 1213 extre,
284 1151 320 1193 ne
344 1135 502 1211 asperitate
527 1134 757 1194 absterreantur.
804 1151 913 1212 easque
937 1133 1016 1193 alvos
1040 1135 1080 1193 ita
1105 1132 1261 1193 conlocant

58 1259 94 1299 io
114 1243 144 1300 in
177 1239 301 1301 motulis
333 1241 468 1321 parietis,
501 1249 534 1300 ut
567 1259 603 1300 ne
633 1242 782 1318 agitentur
810 1258 883 1299 neve
911 1242 990 1300 inter
1018 1258 1049 1299 se
1079 1241 1260 1319 contingant,

113 1366 183 1407 cum
216 1348 247 1405 in
280 1346 414 1407 ordinem
447 1349 506 1406 sint
538 1348 658 1425 positae.
711 1348 753 1406 sic
790 1346 943 1406 intervallo
980 1347 1156 1425 interposito
1190 1346 1259 1406 alte-

113 1473 182 1514 rum
221 1463 251 1514 et
286 1456 408 1514 tertium
441 1453 575 1514 ordinem
614 1454 691 1513 inira
729 1453 841 1513 iaciunt
877 1462 907 1514 et
939 1455 1022 1513 aiunt
1058 1455 1157 1531 potius
1190 1453 1259 1513 hinc

111 1561 194 1622 demi
217 1569 364 1641 oportere,
389 1579 476 1639 quam
500 1560 569 1621 addi
593 1569 739 1640 quartum.
787 1561 883 1620 media
907 1560 979 1640 alvo,
1003 1559 1061 1638 [in]
1086 1579 1144 1639 qua
1167 1562 1259 1621 intro-

112 1676 184 1729 eant
206 1686 286 1748 apes,
310 1669 423 1729 iaciunt
447 1667 589 1727 foramina
609 1686 696 1746 parva
717 1669 819 1728 dextra
838 1687 871 1727 ac
892 1669 1019 1728 sinistra.
1065 1668 1100 1727 ad
1122 1676 1261 1748 extrema,
1275 1671 1312 1728 17

56 1793 89 1860 rs
112 1794 173 1854 qua
212 1775 339 1836 mellarii
371 1775 468 1836 larum
501 1776 630 1835 eximere
663 1777 791 1855 possint,
829 1775 969 1854 opercula
1001 1776 1148 1853 inponunt
1180 1774 1260 1837 alvis.
1469 1755 1486 1855 ,¹

109 1885 242 1960 optimae
266 1883 342 1942 fiunt
361 1885 520 1961 corticem,
543 1882 720 1943 deterrimae
739 1881 857 1962 fictiles,
883 1880 961 1960 quod
985 1888 1015 1940 et
1034 1882 1143 1958 frigore
1164 1880 1260 1939 hieme
1466 1858 1477 1929 ἶ

109 1995 147 2048 et
169 1995 279 2049 aestate
304 1988 401 2049 calore
427 1989 683 2050 vehementissime
707 1988 779 2048 haec
804 1995 1025 2049 conmoventur.
1072 2005 1163 2046 verno
1188 1994 1259 2046 tem·
1472 1972 1474 1977 ⁵

106 2112 187 2174 pore
225 2103 254 2156 et
291 2097 401 2155 aestivo
438 2096 499 2155 lere
532 2103 578 2156 ter
610 2098 641 2162 in
674 2113 775 2155 mense
801 2074 958 2155 'mellariu's
991 2095 1138 2172 inspicere
1172 2092 1261 2153 dehet

107 2201 262 2281 fumigans
285 2202 389 2262 leviter
413 2221 462 2262 eas
482 2210 512 2262 et
531 2202 566 2263 ab
587 2203 739 2282 spurcitiis
758 2220 885 2281 purgare
910 2201 1006 2261 alvrrm
1031 2207 1060 2261 et
1084 2198 1261 2259 vermiculos

49 2326 79 2369 ro
106 2309 221 2370 eicere.
277 2317 432 2387 praeterea
470 2317 502 2370 ut
540 2310 753 2370 animadvertat
790 2328 826 2369 ne
860 2308 956 2387 reguli
988 2308 1088 2386 plures
1121 2293 1312 2368 existant:18
1423 2368 1426 2374 ,

102 2415 235 2477 inutiles
264 2417 343 2475 enim
366 2416 442 2477 fiunt
465 2423 587 2495 propter
612 2416 781 2476 seditiones.
829 2413 924 2492 [cum]
951 2423 981 2474 et
1005 2415 1124 2493 quidam
1148 2412 1260 2493 dicunt,

11 2511 15 2517 ’
99 2521 172 2581 tria
200 2541 310 2602 genera
338 2541 406 2583 cum
435 2525 494 2582 sint
522 2522 632 2582 ducum
660 2525 690 2582 in
718 2521 836 2601 apibus,
865 2524 949 2600 niger
973 2522 1064 2582 ruber
1088 2523 1200 2602 varius,
1228 2530 1261 2583 ut

92 2659 329 2672 Ἢ-

206 2753 221 2801 1
245 2746 382 2801 elucriam
401 2745 491 2800 ΡΑΒ
514 2761 582 2800 corr.
606 2743 715 2800 elucris
733 2743 773 2796 A²
792 2742 949 2798 olueariao
1040 2749 1056 2795 2
1079 2744 1214 2798 rutundus
1219 2715 1283 2825 sP'

74 2850 244 2945 rutundis
267 2889 295 2944 A
317 2889 452 2944 rotundas
476 2889 524 2942 Bo
615 2892 632 2939 4
660 2887 709 2940 sed
737 2887 779 2939 ita
805 2885 848 2940 uti
875 2902 973 2955 parum
998 2885 1054 2940 ΥΒ
1078 2888 1133 2956 s7u
1155 2886 1196 2947 ica,
1211 2870 1261 2955 ‘uti

71 2986 215 3035 parum
243 2980 271 3034 A
362 2984 377 3032 5
406 2975 557 3046 conpleent
583 2976 611 3030 A
639 2977 799 3044 compleant
832 2975 886 3029 ΥΒ
976 2977 1182 3044 consngustent
1205 2975 1262 3030 PA

70 3068 363 3138 coangustantes
436 3065 466 3119 in
485 3068 565 3120 nasto
583 3064 645 3120 loco
665 3065 742 3119 inani
761 3065 953 3133 despondeant
972 3064 1061 3120 VAB
1081 3082 1113 3116 ne
1133 3062 1162 3117 in
1180 3068 1261 3119 uasto

66 3140 176 3208 1000
202 3159 232 3211 et
253 3155 331 3210 inani
349 3155 575 3225 despondeanto
655 3160 670 3207 7
695 3153 891 3224 angustissimas
910 3151 938 3208 A
1018 3160 1034 3208 8
1057 3154 1151 3208 uitiles
1171 3152 1262 3208 PAR

69 3229 213 3300 futiles
232 3262 259 3299 m
277 3245 378 3298 fictiles
396 3245 467 3299 A2o.
506 3244 622 3310 ‘Autem
642 3243 769 3309 Fictilem
794 3244 825 3297 io
843 3244 956 3297 monem.
998 3242 1093 3298 Virites
1111 3242 1262 3308 emendant,

67 3324 107 3372 ⁸²
148 3335 327 3388 auctoritate
349 3340 468 3388 ueterum
492 3334 626 3400 codicum,
650 3338 674 3385 et
696 3333 803 3386 ratione
825 3333 867 3385 itu
885 3331 1024 3386 suadente’
1052 3331 1190 3385 Victorius

68 3403 214 3478 bibulo
230 3439 297 3477 corr.
312 3421 418 3476 bubulo
428 3422 456 3474 Β
511 3427 527 3474 9
541 3420 735 3474 abstereantur
745 3419 803 3473 Am
857 3418 1040 3474 conloesntA
1050 3418 1191 3472 collocant
1206 3419 1261 3474 VB

174 3505 225 3566 '10
248 3511 354 3565 mutilis
378 3526 445 3565 corr.
470 3509 585 3563 mutulis
605 3509 632 3562 Β
705 3514 735 3561 11
761 3508 790 3562 in
814 3509 940 3562 ordinem
965 3508 1021 3562 ΥΒ
1040 3509 1068 3562 in
1088 3506 1186 3561 ordine
1203 3508 1262 3561 Am

210 3607 241 3655 12
261 3600 377 3655 tercium
397 3599 425 3652 A
516 3604 548 3652 13
568 3597 596 3651 in
615 3598 728 3651 inclusit
747 3597 926 3652 Schneiderus
1013 3604 1045 3651 15
1063 3597 1184 3652 mellarii
1204 3597 1262 3649 PA

74 3682 274 3744 111sellario
298 3687 462 3742 melliariio
534 3686 676 3755 possinto
699 3689 818 3754 possunt
838 3686 929 3740 ΡΑΒ
1001 3686 1150 3754 imponunt
1172 3685 1262 3740 VAB

209 3783 242 3832 16
260 3778 360 3849 hyeme
385 3777 411 3829 V
494 3782 527 3830 17
547 3775 667 3845 aestate]
687 3774 796 3829 hestate
815 3775 842 3827 A
924 3774 1016 3828 colore
1035 3791 1104 3827 corr.
1124 3773 1216 3828 calore
1233 3775 1262 3827 Β

190 3867 237 3922 hic
256 3866 469 3922 commonentur
488 3896 519 3902 -
539 3880 634 3918 mense
652 3865 684 3918 to
702 3864 825 3932 marpioe
842 3864 946 3930 serapte
963 3863 995 3914 io
1013 3861 1041 3914 A
1112 3861 1193 3931 hoec]
1216 3861 1261 3914 hic

87 3931 222 4030 YAB,
240 3974 291 4012 om.
309 3973 336 4009 oc
353 3955 407 4009 hae
427 3954 561 4009 Gesoerus
651 3953 861 4008 commonentur
885 3950 974 4004 VAB
1043 3953 1092 4003 r18
1111 3948 1260 4020 inspicere]

83 4035 230 4109 ¹¹¹⁸pece
254 4045 282 4098 A
373 4051 404 4097 19
433 4043 468 4096 ab
497 4043 638 4112 spurcitiis
668 4043 696 4095 P
722 4041 757 4095 ab
785 4037 931 4110 spurciciis
948 4037 976 4094 A
1003 4055 1020 4092 a
1048 4037 1189 4107 spurcitiis
1212 4038 1262 4093 Bo

191 4140 225 4189 20
243 4132 347 4189 seicere
364 4132 392 4186 A
446 4136 479 4184 21
500 4149 561 4185 cum
581 4130 742 4199 etquidem
763 4129 821 4181 PB
839 4145 901 4180 cum
920 4128 949 4182 et
967 4127 1087 4194 quadam
1110 4143 1178 4183 corr.
1198 4142 1261 4180 cum

93 4221 133 4275 et
162 4241 281 4310 quidem
295 4242 323 4295 A
337 4239 375 4294 Vt
389 4239 533 4310 quideme
597 4243 629 4292 22
650 4253 713 4290 cum
732 4236 786 4290 sint
806 4235 920 4307 ducum]
940 4221 996 4298 ant
1007 4234 1063 4288 sint
1081 4232 1147 4288 dum
1166 4250 1220 4286 cun
1233 4233 1261 4287 A
