3000 5026
447 348 577 405 RERVM
594 347 833 405 ursulentium
851 349 918 405 LIB.
937 351 963 404 ll
983 347 1059 410 6-7
1270 354 1335 419 243

189 536 287 579 mares
314 517 422 578 habere
450 516 571 577 solebat.
617 516 724 578 horum
752 535 897 595 equorum
925 524 956 578 ct
979 536 1122 605 equapum
1151 539 1257 604 greges
1284 525 1336 608 rprj

190 624 301 727 halbero
329 624 500 721 voluerunt,
528 631 561 684 ut
583 623 695 685 habent
718 623 809 703 aliqui
832 625 863 684 iu
886 623 1089 705 Peloponneso
1114 636 1143 688 et
1166 630 1197 688 in
1220 621 1335 711 Apulia,

190 735 321 816 prinpum
353 740 488 813 spectare
520 737 638 819 oportet
671 737 796 816 aetatem
829 749 916 810 quam
949 735 1145 812 praecipiunt.
1200 735 1335 796 videmus

190 857 228 899 ne
252 841 312 899 sint
334 840 465 899 minores
488 840 606 918 trimae,
629 839 756 898 maiores
779 837 881 898 decem
905 857 1058 900 annornm.
1104 850 1185 902 aetas
1208 849 1359 922 ugnos-2

156 948 270 1007 5citur
297 954 328 1006 et
355 963 499 1025 equorum
527 952 555 1006 et
582 945 644 1006 lere
672 946 805 1005 omnium
833 947 884 1024 qui
912 947 1037 1024 ungulas
1060 948 1201 1009 indivisas
1224 949 1335 1011 habent

190 1061 221 1114 ct
258 1054 347 1113 etiam
384 1059 589 1133 cornutorum,
626 1051 705 1131 quod
739 1070 834 1131 equus
866 1054 988 1132 triginta
1021 1055 1173 1116 mensibus
1205 1059 1334 1134 primum

190 1161 295 1221 dentes
315 1159 430 1219 medios
448 1159 557 1219 dicitur
576 1161 721 1238 amittere,
745 1158 803 1219 duo
824 1162 1002 1241 superiores,
1025 1163 1148 1223 totidem
1168 1162 1332 1224 inferiores.

189 1269 368 1346 incipientes
396 1275 533 1345 quartum
562 1284 649 1344 agere
678 1284 787 1326 annum
816 1266 918 1327 itidem
947 1270 1058 1328 eiciunt
1086 1276 1116 1329 et
1145 1269 1268 1329 totidem
1293 1272 1333 1330 ei·

189 1376 274 1435 ciunt
297 1392 459 1454 proxumos
487 1391 590 1433 eorum
618 1391 693 1452 quos
720 1375 898 1455 amiserunt,
921 1382 952 1434 et
975 1376 1122 1454 incipiunt
1144 1378 1235 1451 nasci,
1259 1395 1334 1454 quos

138 1495 171 1535 10
188 1489 296 1542 vocant
328 1479 541 1542 columellares.
590 1481 694 1558 quinto
726 1498 802 1540 auno
836 1483 995 1559 incipiente
1022 1483 1093 1543 item
1117 1484 1220 1544 eodem
1244 1485 1359 1546 modo3

189 1590 326 1650 amittere
349 1588 446 1669 binos,
469 1606 537 1648 cum
561 1606 648 1649 cavos
671 1586 777 1648 habeat
799 1597 863 1649 tum
887 1596 1085 1670 renascentes,
1109 1592 1137 1650 ei
1156 1599 1239 1651 sexto
1258 1611 1334 1653 anno

189 1696 311 1777 inpleri,
340 1703 476 1776 septumo
505 1714 608 1756 omnes
637 1695 746 1756 habere
775 1696 850 1757 solet
873 1705 993 1757 renatos
1017 1704 1047 1757 ct
1070 1697 1232 1775 eonpietos.
1279 1698 1335 1760 hoo

189 1806 317 1864 maiores
341 1805 393 1882 qui
417 1811 494 1884 sunt,
518 1802 650 1881 intellegi
671 1812 779 1882 negant
797 1822 893 1885 posse,
916 1812 1124 1883 praeterquam
1144 1824 1211 1865 cum
1231 1804 1334 1866 dentes

189 1913 252 1972 sint
279 1910 349 1971 iacti
376 1909 498 1970 brocclri
526 1917 556 1970 et
584 1910 741 1988 supercilia
765 1928 837 1970 cana
861 1918 891 1971 et
914 1910 970 1970 suh
994 1912 1037 1971 eis
1061 1911 1196 1992 lacunae,
1224 1931 1259 1972 ex
1283 1911 1333 1972 ob-

262 2161 277 2209 3
301 2155 426 2210 videmus
449 2169 484 2207 ne
503 2154 559 2208 sint
576 2151 697 2207 minores
716 2168 826 2222 peopou.
844 2151 922 2205 XVI
936 2157 953 2206 1
1026 2159 1043 2206 4
1063 2154 1140 2208 aetas
1158 2154 1335 2223 cognoscitur

190 2243 293 2300 Ootuu.
319 2243 365 2298 VI
377 2249 417 2300 29
435 2244 567 2313 hippiatr.
582 2259 612 2312 p.
627 2246 688 2298 226

194 2481 269 2544 esset,
298 2476 355 2546 Quo
381 2476 505 2543 imperite
531 2474 685 2529 scribebuut
704 2516 709 2527 .
729 2474 761 2527 r’u
788 2474 889 2542 optimo
916 2474 1065 2542 exemplari
1089 2473 1181 2527 muudi
1203 2479 1269 2528 uota
1291 2474 1336 2528 lu'c

195 2566 319 2634 adposita
341 2564 401 2636 est'¹
418 2563 555 2618 Victorius
644 2562 730 2617 etiam
752 2561 781 2615 iu
804 2579 834 2616 re
857 2562 974 2617 militari
997 2563 1114 2618 Ursinus
1142 2562 1228 2617 etiam
1256 2565 1335 2632 patro

197 2652 308 2709 militari
326 2653 416 2707 VAB
471 2652 615 2706 lsolebat
632 2652 688 2706 VB
706 2651 907 2707 solebnutAru
960 2653 1094 2707 hocorum
1113 2669 1182 2707 corr.
1195 2651 1295 2706 horum
1308 2654 1336 2707 A

98 2776 102 2797 ι
157 2743 161 2748 ’
263 2750 278 2796 2
302 2743 453 2798 uoluerunt
476 2741 564 2796 VAB
582 2739 703 2794 uoluerit
721 2757 746 2793 ru
765 2739 907 2794 coluerint
924 2741 1069 2796 Iucundos
1083 2780 1090 2794 .
1104 2743 1220 2808 fortusse
1237 2742 1336 2796 volunt

280 2832 380 2902 aliqui]
404 2828 511 2899 aliquid
530 2832 557 2883 A
647 2827 677 2880 iu
695 2825 790 2896 apulia
815 2828 871 2881 VB
889 2827 919 2881 in
937 2829 1052 2895 anpulia
1071 2830 1098 2882 A
1188 2836 1203 2882 3
1228 2829 1336 2898 praeci-

202 2917 272 2985 piunt
293 2919 421 2975 uidemus
440 2919 530 2974 PAB
551 2916 729 2987 praecipiunt
750 2915 902 2982 uidendum
927 2916 970 2968 est
992 2933 1018 2969 ru
1041 2915 1218 2984 praecipiunt
1241 2919 1335 2971 uidea-

202 3022 254 3062 mus
275 3010 442 3077 u.fortusse
468 3004 594 3076 praecipi
615 3004 657 3059 ita
680 3002 807 3057 uidemus
879 3010 897 3056 4
925 3020 959 3057 ne
983 3002 1056 3058 scint
1079 3019 1147 3056 corr.
1172 3021 1206 3057 ne
1230 3004 1286 3058 sint
1308 3007 1336 3059 A

262 3105 278 3153 ὅ
302 3100 332 3152 et
355 3113 488 3166 equorum
512 3097 541 3148 et
563 3094 621 3148 fere
644 3110 660 3147 o
684 3093 713 3146 et
736 3107 869 3159 equorum
891 3092 949 3146 fere
968 3091 1059 3146 PAB
1077 3108 1212 3161 equorum
1231 3096 1259 3147 et
1277 3095 1335 3149 fere

98 3166 103 3227 ἶ
198 3182 339 3243 Iucuuotus
442 3184 565 3240 ominum
593 3185 620 3237 A
720 3187 735 3235 6
767 3179 883 3249 triginta
914 3179 1050 3233 mensium
1083 3181 1230 3236 Iucuuolus
1320 3188 1335 3237 'l

188 3309 320 3369 amittere
347 3313 374 3367 V
393 3301 542 3380 admittere
564 3309 623 3364 Am
646 3273 776 3360 Amisum
799 3306 827 3359 Β
899 3305 953 3359 ouo
979 3305 1070 3359 PAR
1093 3305 1162 3359 onos
1185 3306 1246 3361 Au
1319 3312 1334 3360 o

181 3391 289 3458 itidem
310 3401 415 3457 eiciunt
433 3403 461 3455 et
479 3399 597 3454 totidem
617 3396 722 3451 eiciunt
740 3410 888 3466 proxumos
905 3395 963 3448 ΡΒ
980 3393 1080 3448 itidem
1099 3393 1204 3448 eiciunt
1223 3397 1252 3450 et
1268 3396 1334 3450 toti·

175 3480 248 3540 dem
277 3489 419 3562 proximos
437 3489 509 3553 Aur,
532 3489 577 3542 sert
601 3489 630 3540 et
651 3484 770 3539 totidem
793 3485 824 3537 iu
846 3484 970 3552 marpiue
997 3485 1102 3554 scriptu
1124 3485 1201 3538 nubet
1226 3485 1266 3552 A,
1289 3485 1334 3538 iti-

168 3567 250 3629 dem
280 3580 397 3635 eliciunt
420 3581 450 3633 et
470 3575 590 3632 totidem
618 3573 734 3629 eiioiuut
755 3572 935 3642 proximoso
1009 3578 1041 3626 11
1065 3572 1195 3626 omittere
1218 3590 1265 3628 ruo
1288 3572 1335 3626 ad-

161 3657 334 3725 mitliorem
356 3668 414 3722 ΡΒ
433 3665 611 3734 admitterem
629 3663 658 3719 A
728 3662 818 3716 bimas
838 3678 900 3715 cum
920 3678 1003 3716 canos
1022 3660 1127 3716 habeat
1146 3663 1235 3716 PAB
1253 3661 1335 3715 binos

156 3755 256 3807 quos
281 3757 396 3812 caninos
415 3757 521 3811 habeut
537 3772 554 3810 u
626 3768 694 3822 quos
708 3767 790 3806 cavos
805 3749 911 3804 hebent
924 3754 983 3804 tum
997 3752 1174 3805 renascentes
1189 3750 1237 3817 eis,
1256 3751 1335 3805 sexto

150 3840 260 3897 an110
277 3847 395 3917 implere
410 3845 589 3900 Seleuciderus
660 3842 698 3912 ei]
714 3840 754 3895 eis
772 3839 861 3894 VAB
934 3846 966 3893 12
985 3838 1097 3909 impleri
1116 3841 1203 3893 VAB
1275 3857 1335 3908 sep-

146 3911 268 3988 inmo
289 3938 347 3992 ΡΒ
366 3935 486 4004 septimo
500 3931 549 3987 Ac
621 3930 694 3986 solet
710 3931 815 3984 relatos
832 3929 924 3983 PAB
943 3929 1035 3983 solent
1051 3931 1197 3982 renatoso
1270 3946 1335 3983 con-

141 4003 321 4080 pletosn
336 4023 490 4092 completos
504 4021 560 4075 Vn
616 4027 648 4074 13
662 4017 958 4088 intellegiAintenigi
974 4018 1030 4071 ro
1085 4022 1118 4069 14
1132 4016 1336 4070 euriacum

139 4084 253 4184 faeti
276 4115 373 4170 sintB
388 4115 452 4165 sunt
465 4110 564 4164 factio
618 4108 733 4164 brocchi
749 4109 841 4162 PAB
855 4105 951 4160 brochi
965 4122 989 4158 o,
1023 4105 1152 4158 ‘Brocclu'
1162 4121 1213 4172 per
1226 4105 1281 4157 duo
1296 4120 1334 4170 cc,
1396 4091 1408 4115 ⁶

135 4189 181 4269 Ψ
221 4205 358 4271 oprimis
382 4203 426 4255 lu‘c
448 4201 648 4269 eueutplurttus
670 4200 802 4267 scriptum
825 4204 864 4252 est
878 4217 885 4249 :
899 4201 931 4249 ut
949 4196 998 4249 ubi
1016 4196 1048 4249 de
1067 4193 1182 4248 curribus
1197 4198 1259 4262 post
1277 4193 1337 4263 cpit

133 4266 293 4346 “eruar
306 4294 351 4363 [9,
370 4291 405 4360 3]
420 4311 428 4343 :
442 4290 562 4344 Dtrcctr's
574 4290 738 4358 priusquam
753 4286 882 4342 broccht's’
905 4284 1043 4339 Victorius
1115 4281 1166 4336 sub
1181 4298 1214 4336 ea
1228 4282 1336 4336 lacunis

132 4361 183 4406 ⁰⁸
227 4379 400 4436 obseruata
420 4380 448 4432 P
471 4378 522 4432 sub
546 4395 579 4433 ea
602 4378 697 4433 lacuni
719 4395 768 4432 sex
792 4377 941 4432 obseruotu
959 4373 1021 4429 AB
1044 4372 1094 4428 sub
1114 4387 1148 4426 ea
1166 4371 1283 4426 lacunae
1302 4387 1336 4424 ex

131 4437 376 4526 ⁰b⁸eruotuo
