3000 5026
489 351 536 404 DE
556 351 644 405 AGRI
663 351 835 406 ovtTVItA
854 351 882 408 C.
905 357 1072 414 157-158
1290 352 1352 416 105

211 517 336 577 excidet.
378 525 407 577 et
426 517 478 578 nbi
501 519 658 600 exciderit,
682 526 780 578 tamen
805 519 917 598 aliquot
940 520 1003 579 dies
1026 518 1104 578 idem
1125 520 1226 599 tacito,
1250 527 1284 580 ut
1308 538 1351 578 ra·

212 624 292 684 dices
316 624 416 704 polypi
433 643 575 703 persanas
594 627 692 686 lacias.
735 626 856 687 auribus
877 629 1019 705 siparum
1036 626 1151 706 audies,
1175 628 1263 686 terito
1283 645 1351 686 cum
1373 629 1412 684 16

209 733 278 791 vino
303 731 477 814 brassicam,
501 751 606 793 sucum
630 735 800 812 exprimito,
824 736 979 793 inaurem
1003 736 1082 793 intro
1106 732 1239 811 tepidum
1258 732 1351 793 InstiI·

211 837 283 897 lato:
308 839 367 897 cito
391 839 597 917 tejntelleges
616 839 683 918 plus
707 839 818 900 audire.
837 837 860 920 †
880 840 1056 918 depetIgInis
1070 858 1177 917 porcae
1192 838 1352 899 brassicam
1437 875 1439 885 ·

170 965 186 1006 5
206 946 367 1022 opponito,
391 963 489 1005 sanam
515 947 602 1007 laciet
625 955 656 1007 et
678 946 764 1007 ulcus
787 965 848 1006 non
871 948 965 1007 laciet.

300 1051 404 1138 Alvum
428 1052 544 1136 deicere
563 1054 620 1142 hoc
648 1054 734 1140 modo
763 1062 893 1136 oportet,
922 1057 949 1129 si
972 1073 1028 1153 yps
1047 1053 1122 1134 bene
1146 1053 1200 1136 tim
1224 1053 1349 1130 deicere.
1392 1051 1494 1108 CLVIII

200 1177 296 1219 sume
321 1159 374 1220 tibi
398 1158 498 1241 ollam,
521 1161 620 1221 addito
645 1181 680 1221 eo
704 1180 796 1241 aquae
821 1163 966 1221 sextarios
990 1179 1041 1221 sex
1066 1168 1095 1220 ct
1119 1179 1152 1220 eo
1177 1159 1276 1219 addito
1300 1179 1352 1220 un·

194 1265 309 1344 gulam
330 1265 365 1324 de
385 1284 484 1344 perna.
527 1269 552 1327 si
566 1267 706 1346 ungulam
721 1287 780 1328 non
795 1267 930 1348 habebis,
954 1268 1053 1328 addito
1069 1269 1104 1327 de
1119 1286 1210 1346 perna
1226 1268 1354 1326 Irustum

190 1387 239 1434 1³.
260 1385 278 1431 s
303 1389 391 1450 quam
416 1373 535 1432 minime
559 1375 677 1452 pingue.
718 1374 770 1435 ubi
793 1377 850 1434 Iam
875 1382 992 1435 coctum
1015 1377 1120 1453 incipit
1144 1392 1223 1454 csse,
1247 1392 1282 1433 eo
1306 1373 1354 1433 ad·

132 1513 158 1552 19
190 1478 274 1540 dito
299 1477 448 1538 brassicae
473 1479 614 1541 coliculos
638 1483 725 1562 dum,
749 1482 834 1542 hetae
849 1481 991 1543 coIIculos
1006 1483 1080 1543 duos
1096 1501 1163 1542 cum
1179 1480 1277 1540 radice
1293 1498 1354 1560 sua,
1372 1509 1374 1512 >

183 1584 347 1650 feliculae
370 1586 496 1666 pullum,
520 1587 628 1648 herbae
653 1589 837 1649 mercurialis
857 1608 915 1649 uon
932 1590 1065 1669 multum,
1090 1588 1260 1649 mitulorum
1274 1601 1304 1647 L.
1320 1602 1354 1668 11,

180 1694 324 1779 piscem
349 1694 514 1770 capitonem
539 1703 568 1754 et
593 1697 779 1773 scorpionem
799 1711 822 1774 1,
857 1695 992 1755 cochleas
1017 1713 1066 1754 sex
1097 1703 1126 1755 et
1154 1695 1242 1754 lentis
1260 1683 1354 1773 pugIl·

178 1806 281 1867 lum.
324 1799 517 1859 haecomnia
542 1801 876 1880 decoquitousqucad
908 1803 1051 1860 sextarios
1074 1816 1114 1861 111
1136 1803 1219 1861 iuris.
1257 1794 1392 1861 oleum2

179 1923 251 1974 nc
273 1905 431 1965 addideris.
468 1905 598 1965 Indidem
623 1925 706 1966 sume
731 1907 783 1967 tibi
808 1910 969 1967 sextarium
996 1925 1088 1966 unum
1110 1907 1257 1986 tepidum,
1281 1906 1355 1966 addc

131 2050 154 2090 15
180 2013 275 2079 vini
297 2014 345 2072 coi
368 2020 483 2091 cyatum
508 2032 613 2093 unum,
642 2014 722 2095 bite,
751 2016 965 2094 interquiesce‚
989 2015 1095 2075 deiude
1119 2017 1228 2074 iterum
1252 2013 1355 2073 eodem

181 2119 314 2199 modo,
347 2119 454 2178 deinde
487 2122 622 2180 tertium:
659 2121 800 2199 purgabis
829 2128 857 2181 tc
889 2120 973 2180 bene.
1015 2130 1049 2201 el.
1073 2123 1098 2181 si
1125 2119 1205 2216 miltes
1233 2122 1356 2202 iuspper

179 2225 314 2316 viuum
339 2243 426 2314 coum
450 2226 575 2319 mix-tum
598 2226 713 2320 bib-ere,
738 2226 838 2328 lIcchit
862 2227 951 2319 bibas.
994 2247 1030 2287 ex
1049 2230 1087 2288 iis
1105 2236 1149 2288 tot
1164 2226 1254 2288 rebus
1278 2225 1355 2304 quod

301 2495 315 2542 1
335 2487 449 2556 aliquod
461 2451 528 2543 ldies
549 2489 656 2554 PAbf
669 2453 784 2558 aliquod
803 2490 862 2544 dies
882 2507 896 2542 c
915 2489 1023 2557 aliquot
1042 2489 1100 2542 dics
1119 2507 1135 2542 o
1225 2495 1240 2541 2
1260 2487 1358 2557 polypi

178 2626 268 2680 VA
292 2629 383 2700 polipi
402 2631 437 2685 oc
509 2637 639 2684 seucum
661 2632 751 2685 run
775 2650 921 2687 succumv
994 2592 1121 2687 incohato
1140 2634 1167 2686 A
1239 2632 1357 2685 rincu-

167 2714 292 2783 Ieges
307 2721 334 2774 A
353 2720 490 2790 iuteleges
505 2722 523 2786 f
536 2721 679 2798 intelliges
693 2720 757 2774 Vbc
829 2721 863 2774 de
882 2720 1015 2790 petiginis
1034 2737 1135 2789 porcae
1151 2721 1239 2775 PAR
1258 2720 1358 2774 deiude

162 2803 376 2877 impetigini
397 2825 499 2877 porcae
517 2826 541 2863 o.
581 2810 713 2877 ‘Aulique'
735 2811 813 2876 libri,
843 2808 883 2862 De
907 2809 1046 2877 petigenis
1069 2809 1185 2879 porcae’
1212 2809 1356 2864 Victorius.

160 2889 372 2968 depecigini
390 2915 505 2966 spureae
524 2897 710 2951 Schneidercs.
744 2900 777 2964 cf.
800 2897 876 2951 Pliu.
896 2900 943 2962 20,
963 2902 999 2951 83
1026 2901 1055 2950 et
1072 2897 1241 2967 inpetigines
1260 2898 1358 2951 eadem

155 2987 309 3041 sanari
329 2987 388 3040 sino
407 2987 499 3042 ulcere
573 2991 589 3039 ὅ
608 3003 705 3040 sanem
723 2983 809 3038 faciet
831 2984 886 3038 VR
905 3001 1002 3039 sanam
1020 2986 1106 3040 faciet
1124 3002 1193 3039 corr.
1213 2984 1264 3037 -ies
1282 2986 1309 3037 A

282 3101 304 3148 6
324 3096 354 3148 n.
376 3092 484 3147 CLXVI
504 3091 605 3145 Album
625 3090 734 3156 deicere
753 3091 806 3145 hoc
824 3091 906 3144 modo
925 3092 1037 3158 oportet
1054 3093 1082 3143 A
1111 3090 1213 3143 Aluum
1239 3089 1358 3144 deiicere

153 3170 247 3227 hoe
299 3183 381 3236 modo
405 3182 516 3250 oportet
538 3180 565 3232 V
588 3179 692 3233 Aluum
720 3179 828 3234 deicere
856 3179 880 3233 si
904 3179 981 3234 uoles
1007 3179 1075 3247 quid
1102 3180 1194 3235 facere
1222 3179 1358 3233 debeasb

156 3258 320 3324 Aluum
340 3271 363 3324 si
382 3271 460 3324 uoles
480 3270 598 3323 deiicere
621 3269 759 3323 Victorius
839 3269 941 3322 Aluum
961 3269 1075 3338 (Album
1094 3269 1131 3338 A)
1151 3266 1259 3323 deicere
1280 3266 1359 3337 (deii-

160 3362 262 3406 cere
301 3362 338 3430 P)
356 3361 411 3413 hoc
430 3359 512 3413 modo
531 3360 643 3428 oportet
660 3358 683 3412 si
702 3358 745 3411 uis
764 3357 834 3413 bene
853 3358 907 3412 tibi
930 3357 1039 3412 deicere
1060 3358 1159 3412 PAbc
1185 3357 1286 3412 Album
1306 3357 1359 3410 hoc

166 3443 301 3502 modo
320 3450 429 3503 deicere
448 3450 559 3517 oportet
577 3447 601 3500 si
619 3447 661 3500 uis
680 3446 751 3500 hene
769 3446 822 3501 tibi
841 3447 981 3513 deiceref
998 3447 1100 3500 Aluum
1119 3446 1143 3500 si
1161 3445 1203 3498 uis
1224 3445 1294 3498 benc
1314 3444 1360 3497 de·
1389 3442 1395 3455 ‘

173 3521 336 3592 'cicer-ev
446 3535 598 3591 Shabebis
623 3536 718 3590 addito
743 3534 776 3588 de
800 3525 964 3603 pernaAR
976 3535 1058 3602 Vtra,
1090 3535 1205 3589 habebis
1229 3550 1301 3602 pone
1326 3532 1360 3586 de

183 3629 305 3688 Perna
327 3627 352 3681 V
434 3633 467 3680 10
487 3625 624 3680 brassicae
644 3625 776 3679 colicolos
795 3624 865 3677 duos
884 3624 927 3678 Pc
954 3625 1076 3679 brassica
1095 3623 1226 3678 coliculos
1245 3622 1314 3675 duos
1333 3622 1360 3674 A

193 3705 358 3769 brassicae
379 3715 512 3770 colicolos
531 3715 556 3768 ll
576 3716 591 3768 b
610 3714 747 3769 brassicae
768 3712 880 3767 collicos
900 3713 969 3768 duos
988 3715 1006 3780 f
1023 3713 1163 3767 brassicae
1182 3711 1315 3767 coliculos
1334 3711 1361 3764 ll
1436 3741 1439 3747 ·

207 3807 226 3845 I>
325 3805 388 3858 bete
409 3804 498 3870 (hetre
518 3806 541 3870 c)
569 3802 700 3857 colicolos
719 3800 746 3853 ll
765 3801 821 3853 PR
849 3800 926 3854 betie
945 3801 970 3854 Il
988 3803 1015 3855 A
1043 3801 1125 3855 betae
1148 3800 1282 3855 coliculos
1301 3799 1361 3852 Ilo

312 3899 342 3946 11
362 3892 471 3961 pullum
493 3890 582 3945 PAR
609 3889 759 3959 paulume
854 3895 886 3942 12
907 3890 1035 3944 cochleas
1055 3907 1102 3944 sex
1124 3891 1150 3942 P
1177 3889 1305 3943 cochleas
1323 3887 1362 3940 VI

231 3973 270 4028 At
291 3983 397 4036 cocleas
417 3997 464 4034 sex
483 3983 518 4034 bc
537 3981 667 4034 coclileas
685 3979 759 4044 Vlf
863 3985 895 4031 13
916 3978 1064 4045 decoquito
1084 3979 1119 4030 bc
1145 3977 1315 4042 dequoquito
1335 3977 1362 4027 A

238 4070 334 4134 coquito
356 4071 387 4137 V,
411 4086 461 4124 om.
480 4072 498 4136 f
602 4075 635 4122 14
662 4067 786 4122 indidem
809 4067 992 4135 interquIesce
1015 4064 1115 4118 deinde
1141 4064 1241 4117 iterum
1265 4063 1362 4116 eodem
1465 4100 1475 4118 .

241 4173 314 4225 sume,
335 4160 380 4213 sed
399 4158 491 4212 deletis
508 4157 694 4225 interquIesce
714 4187 746 4196 -
766 4157 864 4210 eodem
882 4158 909 4209 A
1017 4151 1167 4206 sextarium
1187 4151 1284 4220 unum]
1303 4166 1361 4203 sex-

240 4283 325 4347 tarium
344 4282 438 4335 uinum
453 4283 480 4334 A
537 4286 568 4335 15
588 4281 647 4335 uini
666 4281 739 4336 coin
758 4279 881 4333 uinicui
896 4277 993 4344 PAcf
1006 4275 1066 4330 uini
1085 4246 1163 4330 cito
1231 4274 1362 4343 cyathum

114 4330 132 4407 ι
237 4371 300 4439 JPc
317 4373 426 4439 cyaium
444 4370 457 4435 I
476 4371 502 4422 A
522 4371 625 4423 clatum
645 4372 765 4423 unumb
790 4369 922 4437 cyathum
942 4383 1061 4420 unumo
1154 4371 1186 4418 16
1205 4362 1320 4417 tertium
1341 4361 1368 4414 V

235 4461 341 4533 yercium
359 4461 430 4526 Aes
444 4461 580 4515 tertotum
599 4476 612 4512 c
731 4464 762 4511 ll
782 4474 815 4511 ex
833 4456 867 4509 iis
886 4456 930 4508 tot
948 4454 1030 4508 rebus
1049 4452 1076 4505 A
1087 4453 1170 4519 Vter,
1191 4452 1287 4505 exusto
1307 4452 1362 4504 tre-
