3000 5026
177 333 219 398 86
666 332 822 388 CATONIS

177 503 336 580 pistriunrn
365 500 481 580 politor.
519 500 662 561 hordeum
692 491 794 579 quinte
823 501 935 582 modro,
968 502 1063 561 sabam
1091 503 1193 579 qutnta
1223 501 1321 561 modio

178 609 296 669 dividat.

18 728 158 785 cxxxvn
267 715 387 775 Vineam
411 714 571 774 curandam
595 716 744 792 partiario.
787 716 862 776 hene
887 723 971 776 curet
995 715 1133 796 fundum,
1157 715 1324 798 arbustum,

177 841 281 901 agrum
305 822 539 882 frumentarium.
582 823 723 899 partiario
746 823 865 882 faenum
889 830 918 883 et
940 807 1098 904 pabulum,
1123 822 1202 900 quod
1226 814 1346 883 bubus

178 930 249 990 sotis
273 930 344 1007 siet,
368 930 422 1006 qui
444 927 504 987 illie
529 929 614 987 sient.
652 935 751 988 cetera
775 931 872 989 omnto
895 948 949 1008 pro
974 929 1108 989 indiviso.
1338 949 1349 988 5

19 1047 173 1106 cxxxvlll
272 1035 366 1094 Boves
397 1036 479 1094 tertis
510 1036 691 1111 coniungere
721 1034 799 1094 licet.
841 1035 914 1096 haec
945 1036 1014 1096 licet
1045 1036 1155 1095 tacere:
1185 1034 1328 1096 ervehant

178 1143 271 1223 ligna,
296 1141 414 1222 t'ahet‘re,
438 1142 634 1223 trumentum,
665 1142 743 1220 quod
768 1160 828 1202 non
852 1143 976 1203 daturus
999 1145 1064 1228 erit.
1107 1141 1207 1223 mulis,
1232 1144 1327 1224 equis,

179 1252 270 1311 astuis
293 1250 384 1308 feriae
409 1247 519 1327 nullae,
543 1250 602 1308 nisi
626 1251 651 1309 si
675 1251 705 1308 tn
729 1248 838 1309 tamdia
862 1256 940 1308 sunt.

37 1368 165 1425 cxxxlx
275 1355 389 1416 Lucum
413 1353 570 1413 conlucare
594 1353 726 1414 Romano
749 1373 831 1414 more
856 1357 899 1415 sic
923 1360 1048 1433 oportet.
1091 1373 1182 1433 porco
1210 1356 1327 1434 piaculo

178 1466 280 1542 tacito,
313 1464 355 1522 ste
386 1460 475 1521 verba
508 1462 670 1541 oonprito‚
704 1457 741 1521 ‘si
770 1462 857 1542 deus,
887 1464 913 1521 si
941 1461 994 1521 dee
1023 1479 1068 1541 es,
1102 1463 1224 1540 quotum
1253 1462 1325 1523 illud
1341 1482 1366 1519 ιι

85 1540 89 1558 ⁸
179 1589 296 1631 sacrum
321 1575 378 1648 est,
412 1570 456 1628 uti
486 1567 540 1627 tibi
568 1570 615 1628 ius
644 1574 690 1628 est
717 1586 808 1646 porco
837 1568 955 1647 piaculo
984 1569 1080 1628 tacere
1110 1567 1226 1629 illiusce
1251 1571 1327 1629 sacri

179 1676 337 1738 coercendi
360 1692 431 1753 ergo
457 1674 622 1754 harumque
646 1693 748 1735 rerum
772 1694 856 1756 ergo,
885 1677 946 1735 siue
976 1693 1030 1754 ego
1054 1677 1115 1735 sive
1145 1677 1212 1754 quis
1243 1677 1326 1736 iussu

179 1804 245 1846 meo
269 1785 387 1863 fecerit,
411 1785 455 1842 uti
478 1783 507 1842 id
534 1791 615 1843 reete
640 1784 750 1843 Iactum
774 1784 844 1865 siet,
868 1785 933 1843 eius
956 1785 1000 1843 rei
1025 1801 1094 1860 ergo
1119 1789 1148 1842 te
1163 1782 1220 1843 hoc
1236 1802 1325 1862 porco

181 1890 296 1970 piaculo
320 1889 488 1949 inmolando
513 1890 604 1949 bonas
627 1909 732 1968 preces
756 1909 876 1983 precor,
901 1892 1028 1981 utiaesIes
1053 1889 1154 1983 I'QS
1178 1892 1325 1982 prcudtius

180 1999 253 2072 mjhi
277 1999 362 2077 domo
388 1996 572 2075 fumidaeque
590 2016 672 2088 moue
692 1996 853 2089 libensque
869 1999 956 2078 mets:
980 1996 1120 2057 horumce
1138 2014 1240 2056 rerum
1256 2015 1366 2074 ergo:

252 2213 267 2259 6
288 2205 377 2260 Boves
396 2204 473 2259 feriis
494 2204 660 2273 coniungere
679 2201 746 2257 licet
765 2203 867 2258 Cotum.
888 2203 930 2256 ΙΙ
944 2209 993 2270 21,
1011 2208 1027 2257 5
1102 2209 1118 2256 9
1138 2202 1244 2257 Lucum
1264 2218 1325 2257 con-

180 2295 275 2348 lucare
297 2293 375 2347 Ptr'rr.
394 2297 439 2359 17,
457 2297 513 2347 267

254 2469 391 2539 lpol‘tor
407 2469 498 2522 PAR
516 2467 684 2537 pollintoro
757 2469 890 2522 hordeum
907 2470 988 2537 PAs
1002 2470 1117 2524 ordeum
1138 2473 1194 2525 boo
1271 2487 1327 2525 mo·

182 2561 228 2615 dio
247 2565 360 2628 utroque
379 2561 434 2613 Ioco
459 2558 526 2624 Vos
541 2557 636 2611 modisr
656 2564 768 2626 utroque
787 2559 813 2611 A
832 2558 925 2612 modia
943 2565 1057 2629 retroque
1076 2577 1090 2613 e

253 2647 321 2703 3R.
341 2647 451 2703 CXLVI
470 2645 588 2700 Vineam
614 2645 784 2715 redemptori
811 2646 947 2716 partiario
972 2649 1005 2700 ut
1032 2647 1079 2701 des
1098 2649 1181 2723 APb
1211 2649 1329 2704 Vineam

182 2735 353 2805 redemptori
371 2734 507 2804 partiario
526 2735 665 2802 quomodo
685 2734 734 2788 des
752 2751 776 2789 o.
805 2735 977 2804 Redemptor
995 2737 1027 2790 r'rr
1045 2739 1168 2807 morpr'oe
1182 2739 1330 2807 adscripsit

186 2826 212 2879 P
282 2824 394 2879 Viuiam
415 2824 565 2877 curandam
585 2823 720 2893 partiario
739 2823 782 2877 uti
800 2824 848 2878 des
867 2824 1020 2879 Pontedera
1039 2842 1069 2893 p.
1091 2830 1126 2881 74
1197 2827 1329 2881 dfenum

183 2915 209 2968 A
237 2914 331 2987 fenum
352 2916 367 2968 b
395 2914 509 2968 foenum
533 2913 598 2980 ch
680 2916 709 2966 et
722 2920 818 2982 posteo
837 2916 963 2970 additum
982 2930 1036 2970 esse
1053 2915 1161 2970 videtur
1179 2917 1211 2970 r'rr
1230 2916 1258 2969 A

183 3009 199 3056 5
218 3003 330 3058 caetere
352 3001 379 3055 V

254 3097 270 3144 6
289 3091 320 3144 R.
342 3089 466 3145 CXLVII
485 3091 575 3146 Boues
594 3091 661 3145 feris
680 3094 760 3158 (corr.
780 3090 856 3145 feriis
866 3092 917 3161 AI)
937 3091 1096 3146 coniuniere
1114 3093 1220 3148 licetA
1238 3093 1332 3151 Boues

183 3179 260 3234 feriis
285 3180 453 3248 coniungere
481 3180 548 3234 licet
569 3179 616 3232 Po
644 3180 735 3231 Boues
758 3180 897 3246 quomodo
925 3180 1004 3234 feriis
1028 3180 1196 3250 coniungere
1224 3183 1332 3239 liceto

184 3269 222 3322 Vt
240 3267 326 3322 boues
345 3267 422 3322 feriis
440 3268 556 3336 iungere
575 3265 629 3319 tibi
648 3264 734 3319 liceat
758 3266 897 3319 Victorius
996 3269 1048 3321 hee
1067 3268 1134 3323 licet
1155 3270 1248 3326 PAR
1277 3272 1332 3327 hoe

183 3355 284 3409 liceto
375 3357 512 3411 eruebant
533 3355 578 3407 Pe
589 3353 671 3420 Vict,
697 3355 814 3408 erueant
831 3355 883 3409 Ab
907 3357 1043 3410 aruheant
1060 3359 1241 3425 ftrohunto
1318 3369 1333 3417 ‘1
1357 3364 1366 3372 ‘

184 3444 238 3498 erit
254 3444 345 3498 PAR
364 3445 447 3498 eriso
519 3447 535 3495 8
556 3441 611 3496 nisi
629 3441 701 3497 siin
720 3442 828 3498 familia
847 3446 912 3498 sunt
926 3445 1005 3513 PAf
1019 3446 1073 3500 nisi
1092 3447 1120 3501 in
1138 3448 1250 3504 familia
1269 3452 1366 3505 sunt-⁴.

184 3551 218 3589 eo
237 3533 291 3588 nisi
310 3532 337 3587 in
359 3531 468 3588 familia
487 3530 543 3583 sint
562 3531 577 3584 b

100 3605 103 3612 ¹
255 3629 271 3676 9
295 3624 326 3676 R.
351 3617 487 3674 CXLVIII
516 3620 572 3673 Ioco
599 3621 789 3688 roso-puoto
807 3636 893 3675 oacrro
914 3624 1008 3678 relicto
1027 3625 1055 3677 A
1088 3623 1366 3690 Quemadmodum:

182 3711 277 3765 lucum
298 3710 437 3764 collucere
456 3708 559 3762 debeas
578 3710 623 3764 bo.
661 3710 741 3765 deest
765 3711 793 3764 in
817 3711 933 3779 antiquo
959 3715 1108 3782 adscripsit
1127 3715 1154 3767 P
1238 3720 1366 3772 conlu‘

184 3869 247 3905 care
269 3852 316 3904 Pe
341 3851 503 3905 conculcare
522 3852 550 3905 A
570 3851 707 3906 collucere
725 3854 760 3920 fo
787 3819 924 3906 colldcare
944 3856 959 3907 b
1051 3861 1083 3908 10
1103 3856 1216 3911 sidens
1236 3859 1260 3911 si
1282 3862 1366 3915 dest

185 3957 214 3993 es
233 3939 346 4009 quoium
363 3941 508 4011 Victorius,
527 3942 551 3995 si
570 3942 638 3996 deus
657 3942 683 3994 si
701 3942 752 4013 dee
768 3984 773 3995 .
790 3941 918 4010 squoium
939 3943 984 3996 Pc
1003 3943 1027 3997 si
1046 3944 1113 3997 deus
1134 3944 1157 3998 si
1176 3946 1228 4000 dee
1249 3966 1366 4017 equor

183 4029 241 4082 ium
256 4030 306 4097 As
320 4029 344 4084 si
363 4030 431 4084 deus
450 4030 473 4085 si
492 4032 558 4104 dees
574 4033 579 4100 Ι
596 4028 733 4099 squoium‚
752 4032 798 4084 sed
816 4031 900 4084 deleto
920 4033 951 4084 e'o
977 4048 1022 4086 ure
1040 4049 1131 4088 versere
1150 4052 1163 4085 s
1182 4037 1198 4089 b
1219 4036 1243 4089 si
1263 4039 1366 4092 dena

184 4120 208 4173 si
227 4120 295 4174 deae
311 4119 418 4175 cuiuso
492 4128 524 4174 11
544 4120 654 4174 illiusce
669 4119 740 4172 sacri
757 4119 808 4171 VR
822 4118 898 4173 illius
914 4119 1001 4173 cesari
1011 4120 1037 4172 A
1113 4129 1145 4176 12
1161 4121 1366 4181 cohercendfi

184 4246 225 4312 cf
298 4244 426 4311 narumu
449 4244 543 4298 run
579 4246 710 4299 harumce
743 4245 881 4299 neurus
961 4221 1025 4299 1qu
1053 4247 1080 4299 A
1168 4254 1200 4301 13
1230 4249 1275 4306 uei
1304 4243 1366 4305 15

191 4364 246 4417 VR
264 4367 297 4417 ut
314 4363 344 4417 id
363 4366 389 4418 A
462 4367 516 4421 siet
533 4367 593 4437 regi
612 4346 673 4438 §te
692 4386 742 4438 pro
759 4371 763 4436 Ι
779 4370 832 4422 hoe
851 4369 877 4422 A
961 4377 993 4424 14
1012 4370 1208 4426 inmolandoc
1230 4371 1366 4427 immo*

184 4451 269 4507 lando
283 4452 355 4507 VAb
426 4458 492 4524 pres
510 4460 577 4526 poor
591 4458 618 4510 A
692 4463 725 4511 15
739 4457 860 4512 harunce
879 4475 893 4512 c
912 4461 1014 4514 horuce
1030 4459 1133 4526 PAof
1145 4460 1296 4518 horumsce
1314 4472 1364 4518 r?
