3000 5026
195 304 261 369 284
688 304 875 359 vernonis

194 473 293 549 potius
325 471 434 531 lactum
467 479 531 530 lum
563 470 716 531 luxuriosi·
741 489 829 549 quam
862 472 958 531 severi
985 469 1056 530 boni
1086 473 1144 530 viri
1173 471 1345 533 laudabant„

195 596 283 656 quem
307 580 367 638 cito
391 580 487 638 secuti
505 577 591 638 multi
610 576 781 639 extulerunt
800 596 904 638 eorum
924 581 1028 656 pretia,
1051 580 1093 638 ita
1112 587 1146 640 ut
1166 598 1220 640 ora
1239 598 1346 640 eorum

195 683 326 745 denariis
349 693 475 744 veneant
498 686 607 764 quinis,
629 687 687 764 ipsi
707 685 791 744 lacile
810 687 1036 767 quinquagenis,
1059 687 1131 764 grex
1151 687 1345 747 centenarius

194 791 279 851 lacile
307 791 494 870 quadragena
526 791 604 852 milia
629 793 765 852 sestertia
789 791 962 866 ulredum,
990 800 1024 852 ut
1048 792 1167 871 quidem
1192 791 1346 852 Abuccius

194 896 299 978 aiebat,
318 901 344 958 si
362 899 393 958 iu
413 897 546 976 singulos
566 906 668 958 ternos
687 900 820 976 exigeret
838 897 944 979 pullos,
963 899 1067 976 perlici
1082 917 1229 977 sexagena
1244 917 1344 978 posse.
1371 919 1385 959 ι

137 1002 186 1062 Vss
285 1004 400 1065 Interea
424 1008 505 1066 venit
528 1008 678 1085 apparitor
697 1005 773 1084 Appi
796 1023 812 1064 a
835 1003 957 1064 consule
981 1014 1012 1064 et
1033 1023 1163 1083 augures
1186 1008 1229 1065 ait
1247 1007 1345 1066 citari.

193 1110 243 1171 ille
273 1111 352 1172 foras
377 1115 439 1172 exit
462 1133 478 1172 e
502 1111 577 1173 villa.
623 1121 653 1173 at
676 1115 708 1172 in
731 1111 827 1171 villam
851 1113 929 1170 intro
953 1109 1085 1171 involant
1108 1111 1278 1192 columbae,
1308 1111 1345 1172 de

194 1217 303 1295 quibus
325 1218 438 1279 Merula
462 1219 545 1299 Axio,
570 1219 601 1278 Si
624 1221 745 1297 inquam
770 1236 806 1277 ex
829 1218 1097 1296 peristerotrophio
1120 1219 1342 1298 constituisses,

162 1310 165 1315 ⁴
192 1323 246 1384 bas
274 1333 340 1385 tuas
368 1344 434 1386 esse
462 1334 597 1406 putares,
626 1326 758 1404 quamvis
786 1324 866 1384 lerae
889 1334 998 1384 essent.
1044 1324 1104 1385 duo
1128 1326 1209 1384 enim
1232 1343 1344 1403 genera

192 1448 295 1491 carum
314 1434 345 1491 in
363 1431 629 1510 peristerotropbio
649 1449 715 1491 esse
734 1430 839 1510 solent,
859 1449 951 1491 unum
966 1438 1093 1510 agreste,
1112 1440 1146 1492 ut
1160 1431 1211 1491 alii
1225 1431 1340 1512 dicunt,
1356 1448 1383 1487 ro

193 1536 328 1617 saxatile,
356 1539 434 1617 quod
462 1537 589 1598 babetur
617 1540 647 1598 in
674 1536 809 1598 turribus
833 1556 866 1596 ac
889 1535 1089 1598 columinibus
1112 1537 1213 1618 villae,
1241 1557 1257 1599 a
1282 1558 1343 1619 quo

192 1645 354 1724 appellatae
374 1646 536 1725 columbae,
560 1663 635 1724 quae
659 1651 782 1723 propter
801 1645 937 1703 timorem
956 1643 1122 1704 naturalem
1141 1663 1257 1706 summa
1277 1646 1343 1708 loca

193 1754 226 1811 in
255 1755 342 1814 tectis
369 1762 501 1831 captant:
529 1770 588 1831 quo
616 1752 649 1811 lit
676 1759 710 1810 ut
738 1758 870 1829 agrestes
893 1753 1019 1810 maxime
1043 1760 1209 1830 sequantur
1232 1763 1342 1834 turres,

167 1859 227 1918 2in
260 1876 333 1937 quas
366 1878 401 1918 ex
434 1877 505 1938 agro
538 1857 653 1918 evolant
685 1865 788 1935 suapte
822 1867 927 1936 sponte
959 1876 993 1917 ac
1021 1867 1163 1919 remeant.
1213 1859 1342 1920 alterum

191 1983 285 2042 genus
318 1965 390 2026 illud
423 1963 628 2027 columbarum
660 1972 707 2024 est
738 1962 927 2042 clementius,
960 1964 1039 2042 quod
1073 1964 1140 2024 cibo
1173 1965 1385 2028 domesticum

190 2081 363 2133 contentum
391 2074 469 2132 intra
498 2071 600 2132 limina
627 2073 732 2131 ianuae
761 2068 836 2129 solet
863 2070 954 2148 pasci
1003 2069 1060 2130 hoc
1089 2089 1183 2150 genus
1211 2076 1342 2134 maxime

190 2188 237 2239 est
264 2179 363 2239 colore
391 2178 470 2259 albo,
498 2178 566 2239 illut
593 2177 719 2239 alterum
746 2184 862 2255 agreste
892 2177 956 2236 sine
986 2174 1065 2256 albo,
1094 2180 1184 2239 vario.
1236 2198 1276 2239 ex
1305 2183 1343 2241 iis

190 2285 306 2346 duabus
330 2285 474 2364 stirpibus
498 2286 531 2345 lit
550 2284 713 2345 miscellum
733 2285 854 2343 tertium
873 2300 968 2360 genus
987 2282 1104 2344 fruetus
1123 2303 1222 2366 causa,
1247 2295 1340 2366 atque

192 2392 335 2452 incedunt
357 2393 389 2451 in
412 2391 510 2452 locum
534 2409 640 2470 unum,
665 2388 743 2468 quod
767 2388 817 2449 alii
840 2396 945 2450 vocant
967 2391 1162 2471 peristerona,
1185 2391 1236 2453 alii
1260 2397 1342 2473 peri·

190 2498 420 2578 sterotrophion,
443 2499 475 2556 in
498 2515 556 2575 quo
580 2515 639 2557 uno
663 2514 751 2574 saepe
775 2495 821 2557 vel
844 2496 976 2576 quinque
1000 2496 1079 2558 milia
1103 2505 1174 2560 sunt
1192 2500 1384 2563 inclusarum

164 2607 362 2683 3peristerou
381 2605 414 2663 fit
432 2611 466 2662 ut
485 2603 603 2664 testudo
623 2620 736 2684 magna,
760 2622 875 2664 camara
894 2611 1000 2684 tectus,
1024 2623 1084 2665 uno
1103 2608 1180 2666 ostio
1200 2618 1342 2690 angusto,

9 2550 27 2585 'N

260 2862 293 2910 21
313 2854 470 2925 peristeron
488 2855 521 2909 fit
538 2870 647 2925 geopon.
670 2855 764 2924 XIV,
776 2861 802 2921 ,6

219 3003 401 3010 -.-...—.

260 3103 274 3148 1
303 3094 440 3150 luxuriosi
466 3113 550 3164 qnam
580 3094 670 3149 seueri
700 3092 788 3147 VAB
811 3109 880 3149 corr.
903 3093 1044 3150 luxuriose
1067 3111 1152 3163 quam
1175 3113 1275 3153 seuere
1297 3100 1343 3154 A¹

275 3191 292 3238 2
312 3184 408 3255 quem]
427 3202 511 3252 quam
530 3183 559 3239 A
577 3200 645 3241 corr.
665 3200 748 3252 quem
767 3181 808 3236 A*
896 3183 991 3252 precia
1012 3184 1039 3237 V
1122 3191 1138 3238 3
1157 3184 1244 3240 facile
1267 3186 1342 3256 ipsis

186 3288 255 3326 corr.
284 3272 341 3341 ipsi
364 3272 447 3328 facile
470 3274 498 3328 A
587 3278 604 3326 4
633 3271 763 3325 sestertia
786 3271 815 3323 P
835 3273 967 3327 sestercio
988 3273 1016 3328 A
1039 3275 1173 3330 sexternis
1195 3275 1248 3330 Bo

186 3360 318 3415 abacoius
339 3361 431 3417 PAR
450 3361 575 3417 albutius
593 3379 609 3415 o
682 3365 698 3414 5
718 3359 843 3429 exigeret
860 3360 918 3416 PB
937 3360 1047 3431 exigere
1065 3363 1125 3418 Am
1143 3363 1295 3434 exigente

257 3456 272 3503 6
300 3451 423 3521 Interea]
447 3449 488 3504 De
517 3447 654 3505 columbis
679 3449 711 3501 iu
728 3448 857 3516 'margine
879 3449 991 3502 rubrica
1008 3450 1037 3504 A
1109 3450 1177 3521 appi
1192 3453 1258 3506 AB
1280 3454 1339 3526 Api

185 3537 214 3591 P
228 3537 327 3608 Apiio
399 3544 416 3592 8
438 3555 484 3592 me
509 3538 542 3592 de
563 3536 699 3591 columbis
718 3536 780 3592 rula
798 3535 876 3590 arios
894 3535 1009 3606 inquam
1028 3553 1063 3593 ex
1081 3538 1336 3614 perislsrotrophio

185 3629 231 3696 (ex
254 3626 527 3696 peristerothrophio
551 3625 622 3693 AB)
647 3623 839 3680 constituisses
863 3624 954 3679 PAB
977 3627 1086 3683 Merula
1105 3627 1159 3682 Axi
1181 3629 1205 3683 si
1230 3636 1336 3702 inquam

184 3714 456 3784 peristerotrophion
489 3713 680 3770 constituisses
705 3731 723 3769 o
744 3755 751 3767 .
773 3715 890 3782 sortasse
917 3713 1026 3769 Merula
1052 3716 1137 3785 Axio,
1170 3718 1210 3785 si,
1243 3719 1337 3791 inquit

183 3800 453 3872 peristerotrophion
465 3801 657 3858 constituisses
704 3802 881 3874 uiuasesse]
891 3804 1012 3859 tuasase
1022 3805 1050 3858 A
1070 3834 1074 3839 ·
1095 3811 1129 3860 10
1143 3806 1334 3877 imperisloro

183 3891 295 3961 trophio
313 3893 342 3947 A
415 3899 445 3946 11
466 3890 653 3948 columinibus
678 3893 735 3948 VB
752 3898 777 3947 et
795 3908 865 3948 corr.
885 3892 1053 3947 culminibus
1070 3896 1100 3949 A
1117 3895 1292 3955 culminibus
1307 3915 1331 3954 st

256 3986 287 4034 13
307 3984 422 4050 captans
436 3998 505 4039 corr.
521 4013 555 4021 -
568 3983 619 4037 ant
632 3981 660 4035 A
731 3983 870 4050 agresires
885 3982 912 4035 A
986 3987 1018 4036 15
1037 3998 1126 4055 genus
1140 3982 1215 4039 illud
1232 3968 1326 4043 colum

182 4068 327 4126 barum'B
352 4070 490 4128 Victorius
508 4089 596 4142 genus
614 4070 686 4125 illud
704 4070 908 4125 collumbarnm
932 4069 961 4125 A
978 4087 1066 4142 genus
1089 4072 1289 4132 columbarum
1308 4073 1332 4129 V

266 4158 329 4213 cibu
349 4160 423 4228 qnod
443 4161 520 4227 cibo,
543 4161 590 4217 sed
609 4160 673 4215 cibu
690 4159 805 4214 deletam
823 4158 852 4213 A
938 4165 969 4214 17
989 4159 1054 4214 illut
1072 4160 1194 4217 alierum
1217 4165 1249 4220 P
1264 4161 1331 4220 illut

181 4246 300 4303 alterum
315 4247 395 4302 ABo
451 4266 485 4302 ex
502 4247 537 4302 iis
552 4248 644 4303 PAB
658 4262 693 4301 ex
705 4246 780 4301 hiso
837 4253 869 4301 18
888 4248 997 4303 duabus
1014 4248 1071 4302 VB
1089 4250 1199 4305 duobus
1216 4254 1245 4307 A
1301 4258 1332 4309 st

181 4335 280 4389 nolant
293 4337 320 4390 A
335 4352 403 4391 corr.
418 4339 522 4392 nocant
535 4337 577 4393 A*
630 4343 662 4391 at
679 4352 792 4391 camara
811 4337 900 4405 VAB
914 4353 983 4396 corr.
999 4354 1109 4393 camera
1123 4337 1164 4393 A²
1180 4345 1296 4401 cannia
1308 4361 1334 4400 a

252 4422 345 4480 hostio
362 4427 391 4480 B
