3000 5026
419 328 549 384 RERVM
568 329 805 387 RVSTIOARVM
823 329 891 386 LIB.
910 329 936 383 ll
957 326 973 381 1
1208 332 1272 395 207

125 498 277 576 antiquam
296 497 543 558 consuetudinem
562 514 666 575 capras
685 505 714 557 et
733 515 811 578 oves,
836 495 937 576 [quas]
957 495 1101 557 Hercules
1120 515 1156 557 cx
1174 498 1272 560 Africa

125 604 157 662 in
176 602 329 664 Graeciam
353 606 527 682 exportavit.
572 623 622 665 eas
645 607 724 665 enim
748 623 768 664 u
792 623 845 664 sua
869 622 940 664 voce
960 603 1065 664 Graeci
1084 604 1270 682 appellarunt
1328 602 1332 607 ’

126 708 210 771 mela.
257 729 311 772 nec
334 710 427 772 multo
451 730 538 773 secus
561 714 656 772 nostri
679 711 715 771 ab
739 711 841 772 eadem
865 730 945 791 voce,
969 712 1021 771 sed
1040 710 1076 770 ab
1095 710 1150 771 alia
1169 711 1299 774 littera7

125 813 195 894 (vox
219 835 321 878 carum
344 837 404 879 non
428 837 484 900 me,
508 819 560 880 sed
584 818 620 878 be
640 837 745 878 sonare
764 811 906 901 videtur),
930 835 1000 879 oves
1019 817 1055 877 be
1075 816 1153 878 alare
1172 838 1275 882 vocem

96 925 298 1006 sufferentes,
322 944 338 986 e
362 944 420 1005 quo
444 934 512 1004 post
535 923 633 984 balare
658 924 762 985 dicunt
785 928 891 985 extrita
916 923 1028 1005 littera,
1052 927 1139 985 utin
1164 926 1273 988 multis,

126 1030 206 1108 qnod
239 1033 265 1091 si
298 1033 375 1110 apud
409 1034 546 1111 antiquos
578 1050 638 1092 non
665 1050 788 1111 magnae
817 1033 967 1109 dignitatis
995 1051 1088 1110 pecus
1116 1041 1208 1115 esset,
1241 1037 1272 1095 in

125 1137 207 1197 caelo
245 1137 440 1199 describendo
480 1138 619 1216 astrologi
656 1157 716 1198 nou
753 1138 950 1217 appellassent
988 1156 1090 1199 eornm
1123 1140 1273 1201 vocabulis

126 1245 223 1325 signa,
253 1262 328 1323 quae
357 1264 415 1305 non
444 1246 531 1306 modo
555 1263 614 1305 non
639 1245 812 1305 dubitarunt
835 1263 959 1326 ponere,
988 1244 1038 1304 sed
1064 1248 1153 1305 etiam
1176 1246 1212 1307 ab
1236 1249 1273 1308 iis

126 1351 312 1430 principibus
340 1351 497 1413 duodecim
526 1354 609 1429 sigua
637 1351 724 1412 multi
752 1358 922 1432 numerant,
950 1351 986 1411 ab
1010 1353 1101 1412 ariete
1125 1361 1155 1413 et
1179 1362 1272 1435 tauro,

54 1477 112 1526 10
127 1474 195 1517 cum
220 1476 253 1518 ea
276 1466 495 1537 praeponerent
517 1457 647 1538 Apollini
670 1467 700 1518 et
724 1456 854 1519 Herculi.
900 1460 922 1517 ii
944 1459 1024 1518 enim
1048 1458 1095 1519 dei
1114 1478 1147 1519 ea
1167 1479 1271 1521 secun-

128 1569 189 1644 tur,
222 1564 274 1625 sed
308 1564 494 1644 appellantur
522 1564 646 1625 Gemini.
696 1583 752 1625 nec
779 1567 850 1625 satis
878 1572 1021 1643 putarunt
1049 1565 1085 1626 de
1113 1566 1298 1628 duodecim8

131 1672 220 1748 signis
243 1679 355 1732 sextam
380 1680 495 1750 partem
518 1671 653 1732 obtinere
677 1671 824 1750 pecudum
848 1673 981 1751 nomina,
1004 1673 1063 1731 nisi
1086 1674 1272 1755 adiecissent,

132 1783 161 1836 ut
187 1786 322 1856 quartam
350 1785 499 1858 tenerent,
528 1780 744 1856 capricornum.
790 1787 942 1858 praeterea
970 1797 986 1837 a
1014 1781 1162 1858 pecuariis
1192 1781 1272 1841 addi-

132 1881 235 1944 derunt
260 1902 387 1964 capram,
410 1884 529 1966 haedos,
553 1903 650 1946 cancs.
696 1904 733 1945 an
757 1904 816 1945 uon
840 1888 927 1945 etiam
946 1887 1017 1946 item
1037 1887 1066 1945 in
1086 1889 1162 1947 brari
1182 1896 1271 1948 terra-

43 2012 89 2056 15
126 2004 183 2065 que
207 1990 244 2050 ab
268 1990 316 2050 bis
340 1991 512 2068 regionibus
536 2001 622 2052 notae
648 1991 677 2068 [a
700 1991 820 2070 pecore]
828 2042 836 2073 ‚
864 1995 895 2052 in
918 1994 1006 2071 mari,
1037 1993 1116 2071 quod
1141 1997 1271 2055 nomina·

121 2104 233 2157 rerunt
256 2115 273 2156 a
296 2099 394 2175 capris
412 2098 559 2176 Aegaeum
583 2096 714 2177 pelagus,
738 2098 772 2158 ad
793 2098 907 2178 Syriam
928 2108 1057 2159 montem
1077 2099 1217 2181 Taurum,
1240 2104 1271 2161 in

107 2198 245 2264 Sabinis
269 2203 461 2264 Cantherium
485 2214 624 2285 montem,
647 2224 664 2262 s
687 2224 780 2266 unum
803 2205 972 2286 Thracium,
996 2205 1122 2266 alterum
1146 2207 1270 2268 Cimme-

91 2307 225 2371 rium?
275 2328 374 2370 nonne
401 2313 431 2371 in
460 2314 549 2373 tcrris
577 2313 681 2392 multa,
710 2321 743 2372 ut
770 2313 911 2391 oppidum
938 2314 970 2373 in
994 2312 1114 2373 Graecia
1138 2312 1296 2392 Hippion9

81 2413 242 2497 Argos?
294 2417 422 2496 deniqne
450 2436 509 2478 non
538 2418 620 2479 ltalia
650 2438 666 2479 a
693 2418 807 2495 vitulis,
835 2428 869 2480 ut
897 2419 1001 2480 scribit
1028 2416 1119 2481 Piso?
1168 2420 1271 2481 Roma·

20 2533 50 2573 eo
78 2536 236 2583 norum
269 2540 337 2583 vero
366 2525 508 2603 populum
536 2544 553 2585 a
576 2525 746 2604 pastoribus
774 2545 839 2586 esse
868 2534 967 2587 ortum
996 2529 1064 2605 quis
1092 2545 1151 2588 non
1179 2525 1272 2589 dicit?

73 2631 197 2702 quis
220 2628 394 2691 Faustulum
422 2634 519 2693 nescit
546 2641 694 2710 pastorem
719 2634 811 2693 luisse
835 2634 1010 2713 nutricium,
1039 2635 1091 2712 qui
1114 2633 1271 2695 Romulum

200 2951 213 2998 1
238 2961 307 3013 ques
329 2945 442 3000 inclusit
461 2944 596 2998 Gesnerus
668 2942 772 2997 ercules
791 2943 819 2997 A
890 2950 906 2997 2
931 2961 977 2998 eas
1000 2944 1073 2997 enim
1094 2963 1111 2999 a
1134 2963 1184 3000 sua
1202 2964 1271 3001 uoce

65 3019 251 3088 Ursinus
277 3049 311 3087 ee
334 3033 408 3088 enim
432 3048 482 3086 suc
505 3047 574 3086 uoce
599 3031 687 3085 VAB
759 3047 857 3101 graeco
886 3031 1064 3102 appellarunt
1086 3034 1161 3088 mela
1181 3035 1271 3088 PAB

57 3123 221 3178 graeci
247 3121 426 3192 appellarunt
448 3121 557 3175 malou
634 3127 649 3174 3
674 3138 753 3175 secus
776 3119 864 3176 nostri
882 3123 1096 3190 superscriptum
1123 3125 1155 3176 in
1172 3123 1200 3177 A

57 3201 90 3249 4
132 3203 200 3266 bc
219 3212 308 3281 more]
327 3211 423 3265 balare
440 3211 497 3264 PB
516 3208 624 3277 ballare
638 3211 666 3262 A
684 3209 779 3264 balare
792 3209 872 3278 A²na‚
891 3227 971 3265 omo
1040 3217 1055 3264 b
1075 3228 1090 3264 e
1110 3229 1165 3280 quo
1180 3212 1272 3266 PAB

65 3335 97 3374 θ’
135 3348 256 3403 quoe
330 3335 438 3406 dicunt]
459 3333 564 3389 dictum
585 3334 702 3388 Ursinus
773 3334 869 3388 littera
886 3337 918 3389 nt
931 3334 960 3388 in
981 3335 1032 3388 ΥΒ
1045 3312 1142 3389 titichi
1155 3336 1229 3390 utin
1244 3338 1271 3390 A

163 3430 193 3480 8
211 3427 247 3480 ub
262 3423 298 3479 iis
313 3424 402 3478 PAR
417 3425 452 3478 ab
467 3423 541 3478 hiso
586 3422 704 3477 emunt
722 3423 778 3476 ΥΒ
793 3424 922 3478 multaA
973 3430 1006 3478 10
1025 3423 1202 3493 appolliniB
1251 3426 1273 3480 ii

70 3505 201 3568 enim
226 3513 273 3569 dei
293 3498 355 3566 ΡΒ
374 3511 395 3566 n
420 3511 495 3567 enam
514 3511 571 3565 arei
590 3514 616 3566 A
636 3511 666 3565 aa
685 3511 758 3566 enim
778 3511 818 3565 an
837 3530 852 3566 v
929 3515 1060 3568 secuntur
1078 3515 1136 3567 sa
1155 3532 1272 3582 sequun-

73 3582 158 3649 tur
190 3604 217 3658 V
272 3608 304 3656 tn
324 3602 500 3678 adiucessent
514 3618 582 3657 corr.
599 3633 632 3642 —
648 3601 749 3664 cissent
762 3602 790 3654 B
845 3608 879 3655 13
892 3603 1022 3657 tenerent
1035 3603 1271 3657 Iucundustene-

76 3682 156 3736 ¹0¹3
185 3692 277 3750 VAB
332 3690 470 3761 pecuariis
490 3691 546 3745 ΥΒ
560 3708 650 3760 pecnn
666 3693 670 3759 Ι
687 3690 741 3744 aris
757 3692 783 3743 A
838 3696 872 3744 14
886 3707 960 3745 anno
975 3691 1184 3746 etiamitemB
1199 3708 1271 3747 anno

81 3760 206 3837 (⁰0ru.
226 3785 301 3835 ennd
316 3778 366 3849 A‘)
390 3779 477 3832 etiam
494 3781 577 3833 lttem
592 3779 620 3833 A
638 3796 672 3833 an
693 3796 728 3833 no
747 3780 817 3833 item
832 3780 860 3832 P
874 3797 910 3833 en
925 3797 981 3835 non
994 3779 1064 3836 item
1077 3798 1093 3836 o
1150 3788 1181 3835 15
1200 3781 1272 3852 regi·

83 3859 226 3924 011ibus
251 3869 309 3923 ΥΒ
331 3867 470 3937 regionib3
489 3869 517 3920 A
536 3885 605 3923 corr.
627 3901 658 3908 —
678 3885 727 3923 nes
746 3866 787 3921 A’
806 3868 952 3938 regionum
971 3869 1118 3925 Iracundus
1191 3888 1272 3940 ape-

86 3950 187 4036 0910
213 3959 327 4014 inclusit
351 3958 485 4011 Gesncrus
576 3963 608 4012 16
633 3974 750 4027 aegeum
777 3956 831 4009 VB
855 3974 955 4027 egenm
973 3958 1001 4012 A
1090 3957 1192 4026 syriam
1217 3959 1272 4011 ΥΒ

87 4038 223 4100 turimm
243 4049 270 4101 A
331 4052 363 4099 17
383 4045 556 4100 cantherium
575 4046 664 4100 PAR
688 4046 876 4101 canteriumo
929 4047 1052 4098 montom
1072 4064 1158 4098 unum
1179 4045 1271 4098 PAR

87 4125 251 4190 montem
271 4134 445 4203 Bosphorum
463 4152 583 4189 unumo
651 4134 794 4190 cimerinm
820 4135 908 4189 VAB
972 4139 1004 4187 18
1023 4133 1224 4202 hippionargos
1248 4132 1274 4184 V

87 4194 247 4294 Pippion
264 4241 349 4294 agros
367 4222 395 4276 A
412 4223 627 4292 hippioncrgros
640 4224 668 4276 B
743 4230 775 4278 19
795 4223 912 4291 denique
931 4223 960 4275 in
977 4220 1059 4275 italio
1075 4220 1133 4272 PB
1152 4220 1271 4288 denique

87 4299 136 4358 ¹·¹·¹
167 4307 297 4368 italien
316 4312 434 4379 deniquo
453 4311 563 4366 italico
618 4318 652 4366 20
671 4315 763 4367 ortum
779 4313 991 4380 superscriptum
1006 4311 1037 4364 in
1050 4310 1078 4363 Β
1131 4316 1164 4363 21
1185 4309 1272 4364 nntri-

93 4431 210 4502 eil1111
230 4453 415 4509 Vnutritium
433 4455 461 4506 A
480 4402 603 4508 nutrillm
620 4454 649 4507 B
663 4497 669 4511 .
684 4454 828 4508 Nutricius
846 4455 879 4508 in
896 4453 1020 4521 margine
1038 4452 1186 4522 adscripsit
1207 4452 1234 4504 P

10 4544 18 4677 'p
178 4543 249 4593 Osco
262 4564 294 4593 un
308 4563 367 4594 sont
381 4564 400 4594 o.
1026 4547 1060 4594 14

10 4346 14 4399 l
