<?xml version="1.0" encoding="UTF-8"?>
<!DOCTYPE html PUBLIC "-//W3C//DTD XHTML 1.0 Transitional//EN"
    "http://www.w3.org/TR/xhtml1/DTD/xhtml1-transitional.dtd">
<html xmlns="http://www.w3.org/1999/xhtml" xml:lang="en" lang="en">
 <head>
  <title>
</title>
<meta http-equiv="Content-Type" content="text/html;charset=utf-8" />
  <meta name='ocr-system' content='tesseract 3.04.00' />
  <meta name='ocr-capabilities' content='ocr_page ocr_carea ocr_par ocr_line ocrx_word'/>
</head>
<body>
  <div class='ocr_page' id='page_1' title='image "./mporcicatonisde01keilgoog_0133.png"; bbox 0 0 3000 5026; ppageno 0'>
   <div class='ocr_carea' id='block_1_1' title="bbox 175 317 822 380">
    <p class='ocr_par' dir='ltr' id='par_1_1' title="bbox 175 317 822 380">
     <span class='ocr_line' id='line_1_1' title="bbox 175 317 822 380; baseline -0.009 0"><span class='ocrx_word' id='word_1_1' title='bbox 175 317 238 380; x_wconf 84' lang='lat'><strong>108</strong></span> <span class='ocrx_word' id='word_1_2' title='bbox 666 319 822 374; x_wconf 79' lang='lat' dir='ltr'><strong>canorus</strong></span> 
     </span>
    </p>
   </div>
   <div class='ocr_carea' id='block_1_2' title="bbox 31 462 1366 2488">
    <p class='ocr_par' dir='ltr' id='par_1_2' title="bbox 173 462 1317 573">
     <span class='ocr_line' id='line_1_2' title="bbox 173 462 1317 573; baseline 0.008 -29"><span class='ocrx_word' id='word_1_3' title='bbox 173 492 241 547; x_wconf 72' lang='lat' dir='ltr'><strong>&#39;vere</strong></span> <span class='ocrx_word' id='word_1_4' title='bbox 264 462 369 565; x_wconf 90' lang='lat' dir='ltr'><strong>primo.</strong></span> <span class='ocrx_word' id='word_1_5' title='bbox 412 486 518 546; x_wconf 88' lang='lat' dir='ltr'><strong>deinde</strong></span> <span class='ocrx_word' id='word_1_6' title='bbox 541 505 579 546; x_wconf 88' lang='lat' dir='ltr'><strong>ne</strong></span> <span class='ocrx_word' id='word_1_7' title='bbox 602 494 669 547; x_wconf 92' lang='lat' dir='ltr'><strong>ante</strong></span> <span class='ocrx_word' id='word_1_8' title='bbox 689 489 832 569; x_wconf 81' lang='lat' dir='ltr'><strong>samoris,</strong></span> <span class='ocrx_word' id='word_1_9' title='bbox 856 507 944 567; x_wconf 90' lang='lat' dir='ltr'><strong>quam</strong></span> <span class='ocrx_word' id='word_1_10' title='bbox 963 507 1128 568; x_wconf 84' lang='lat' dir='ltr'><strong>asparagus</strong></span> <span class='ocrx_word' id='word_1_11' title='bbox 1142 498 1230 552; x_wconf 90' lang='lat' dir='ltr'><strong>natus</strong></span> <span class='ocrx_word' id='word_1_12' title='bbox 1249 494 1317 573; x_wconf 86' lang='lat' dir='ltr'><strong>erit,</strong></span> 
     </span>
    </p>

    <p class='ocr_par' dir='ltr' id='par_1_3' title="bbox 134 593 1346 1207">
     <span class='ocr_line' id='line_1_3' title="bbox 134 593 1318 678; baseline 0.005 -25"><span class='ocrx_word' id='word_1_13' title='bbox 134 596 152 652; x_wconf 85' lang='lat'><strong>3</strong></span> <span class='ocrx_word' id='word_1_14' title='bbox 174 612 210 653; x_wconf 90' lang='lat' dir='ltr'><strong>ne</strong></span> <span class='ocrx_word' id='word_1_15' title='bbox 235 596 265 653; x_wconf 93' lang='lat' dir='ltr'><strong>in</strong></span> <span class='ocrx_word' id='word_1_16' title='bbox 288 593 425 653; x_wconf 92' lang='lat' dir='ltr'><strong>sariendo</strong></span> <span class='ocrx_word' id='word_1_17' title='bbox 449 593 564 653; x_wconf 83' lang='lat' dir='ltr'><strong>radices</strong></span> <span class='ocrx_word' id='word_1_18' title='bbox 587 593 693 653; x_wconf 89' lang='lat' dir='ltr'><strong>laedas.</strong></span> <span class='ocrx_word' id='word_1_19' title='bbox 735 596 824 654; x_wconf 88' lang='lat' dir='ltr'><strong>tertIo</strong></span> <span class='ocrx_word' id='word_1_20' title='bbox 848 605 899 655; x_wconf 91' lang='lat' dir='ltr'><strong>aut</strong></span> <span class='ocrx_word' id='word_1_21' title='bbox 923 605 1028 674; x_wconf 91' lang='lat' dir='ltr'><strong>quarto</strong></span> <span class='ocrx_word' id='word_1_22' title='bbox 1048 615 1124 657; x_wconf 92' lang='lat' dir='ltr'><strong>anno</strong></span> <span class='ocrx_word' id='word_1_23' title='bbox 1139 617 1318 678; x_wconf 79' lang='lat' dir='ltr'>asparagum</span> 
     </span>
     <span class='ocr_line' id='line_1_4' title="bbox 173 699 1317 781; baseline 0.005 -22"><span class='ocrx_word' id='word_1_24' title='bbox 173 700 271 760; x_wconf 86' lang='lat' dir='ltr'><strong>vellito</strong></span> <span class='ocrx_word' id='word_1_25' title='bbox 284 699 327 759; x_wconf 69' lang='lat' dir='ltr'><strong>‘ab</strong></span> <span class='ocrx_word' id='word_1_26' title='bbox 347 700 454 760; x_wconf 90' lang='lat' dir='ltr'><strong>radice.</strong></span> <span class='ocrx_word' id='word_1_27' title='bbox 496 719 564 760; x_wconf 92' lang='lat' dir='ltr'><strong>nam</strong></span> <span class='ocrx_word' id='word_1_28' title='bbox 579 703 605 761; x_wconf 88' lang='lat' dir='ltr'><strong>si</strong></span> <span class='ocrx_word' id='word_1_29' title='bbox 619 701 782 781; x_wconf 80' lang='lat' dir='ltr'><strong>defringes,</strong></span> <span class='ocrx_word' id='word_1_30' title='bbox 806 704 914 780; x_wconf 82' lang='lat' dir='ltr'><strong>stirpes</strong></span> <span class='ocrx_word' id='word_1_31' title='bbox 929 703 1001 763; x_wconf 86' lang='lat' dir='ltr'><strong>fient</strong></span> <span class='ocrx_word' id='word_1_32' title='bbox 1016 712 1046 762; x_wconf 95' lang='lat' dir='ltr'><strong>et</strong></span> <span class='ocrx_word' id='word_1_33' title='bbox 1060 705 1317 765; x_wconf 90' lang='lat' dir='ltr'><strong>intermorientur.</strong></span> 
     </span>
     <span class='ocr_line' id='line_1_5' title="bbox 173 805 1318 887; baseline 0.003 -19"><span class='ocrx_word' id='word_1_34' title='bbox 173 825 268 886; x_wconf 86' lang='lat' dir='ltr'><strong>usque</strong></span> <span class='ocrx_word' id='word_1_35' title='bbox 292 805 393 866; x_wconf 83' lang='lat' dir='ltr'><strong>licebit</strong></span> <span class='ocrx_word' id='word_1_36' title='bbox 420 806 523 887; x_wconf 79' lang='lat' dir='ltr'><strong>sellas,</strong></span> <span class='ocrx_word' id='word_1_37' title='bbox 551 808 690 867; x_wconf 88' lang='lat' dir='ltr'><strong>donicum</strong></span> <span class='ocrx_word' id='word_1_38' title='bbox 718 809 748 866; x_wconf 94' lang='lat' dir='ltr'><strong>in</strong></span> <span class='ocrx_word' id='word_1_39' title='bbox 773 825 874 866; x_wconf 92' lang='lat' dir='ltr'><strong>semen</strong></span> <span class='ocrx_word' id='word_1_40' title='bbox 903 808 1012 868; x_wconf 89' lang='lat' dir='ltr'><strong>videris</strong></span> <span class='ocrx_word' id='word_1_41' title='bbox 1036 810 1089 868; x_wconf 90' lang='lat' dir='ltr'><strong>ire.</strong></span> <span class='ocrx_word' id='word_1_42' title='bbox 1130 828 1232 871; x_wconf 90' lang='lat' dir='ltr'><strong>semen</strong></span> <span class='ocrx_word' id='word_1_43' title='bbox 1255 829 1318 871; x_wconf 68' lang='lat' dir='ltr'><strong>ma·¹</strong></span> 
     </span>
     <span class='ocr_line' id='line_1_6' title="bbox 173 913 1346 998; baseline 0 -24"><span class='ocrx_word' id='word_1_44' title='bbox 173 922 275 975; x_wconf 92' lang='lat' dir='ltr'><strong>turum</strong></span> <span class='ocrx_word' id='word_1_45' title='bbox 298 913 332 972; x_wconf 88' lang='lat' dir='ltr'><strong>sn</strong></span> <span class='ocrx_word' id='word_1_46' title='bbox 354 913 390 973; x_wconf 93' lang='lat' dir='ltr'><strong>ad</strong></span> <span class='ocrx_word' id='word_1_47' title='bbox 414 921 597 974; x_wconf 84' lang='lat' dir='ltr'>autumnum.</span> <span class='ocrx_word' id='word_1_48' title='bbox 639 915 679 974; x_wconf 92' lang='lat' dir='ltr'><strong>ita</strong></span> <span class='ocrx_word' id='word_1_49' title='bbox 702 933 770 974; x_wconf 91' lang='lat' dir='ltr'><strong>cum</strong></span> <span class='ocrx_word' id='word_1_50' title='bbox 795 916 958 992; x_wconf 89' lang='lat' dir='ltr'><strong>sumpseris</strong></span> <span class='ocrx_word' id='word_1_51' title='bbox 973 932 1083 995; x_wconf 85' lang='lat' dir='ltr'><strong>semen,</strong></span> <span class='ocrx_word' id='word_1_52' title='bbox 1107 917 1265 998; x_wconf 81' lang='lat' dir='ltr'><strong>incondito,</strong></span> <span class='ocrx_word' id='word_1_53' title='bbox 1287 925 1346 976; x_wconf 79' lang='lat' dir='ltr'><strong>ets</strong></span> 
     </span>
     <span class='ocr_line' id='line_1_7' title="bbox 174 1021 1319 1100; baseline 0.002 -20"><span class='ocrx_word' id='word_1_54' title='bbox 174 1039 242 1080; x_wconf 92' lang='lat' dir='ltr'><strong>cum</strong></span> <span class='ocrx_word' id='word_1_55' title='bbox 273 1022 404 1099; x_wconf 85' lang='lat' dir='ltr'><strong>coeperit</strong></span> <span class='ocrx_word' id='word_1_56' title='bbox 433 1038 592 1100; x_wconf 84' lang='lat' dir='ltr'><strong>asparagus</strong></span> <span class='ocrx_word' id='word_1_57' title='bbox 620 1022 715 1100; x_wconf 87' lang='lat' dir='ltr'><strong>nasci,</strong></span> <span class='ocrx_word' id='word_1_58' title='bbox 744 1021 835 1079; x_wconf 90' lang='lat' dir='ltr'><strong>sarito</strong></span> <span class='ocrx_word' id='word_1_59' title='bbox 865 1029 894 1080; x_wconf 91' lang='lat' dir='ltr'><strong>et</strong></span> <span class='ocrx_word' id='word_1_60' title='bbox 918 1028 1090 1081; x_wconf 88' lang='lat' dir='ltr'><strong>stercorato.</strong></span> <span class='ocrx_word' id='word_1_61' title='bbox 1131 1032 1200 1100; x_wconf 92' lang='lat' dir='ltr'><strong>post</strong></span> <span class='ocrx_word' id='word_1_62' title='bbox 1223 1041 1319 1084; x_wconf 91' lang='lat' dir='ltr'><strong>annos</strong></span> 
     </span>
     <span class='ocr_line' id='line_1_8' title="bbox 174 1127 1319 1207; baseline 0.001 -19"><span class='ocrx_word' id='word_1_63' title='bbox 174 1142 237 1188; x_wconf 84' lang='lat' dir='ltr'><strong>vul</strong></span> <span class='ocrx_word' id='word_1_64' title='bbox 270 1135 321 1186; x_wconf 91' lang='lat' dir='ltr'><strong>aut</strong></span> <span class='ocrx_word' id='word_1_65' title='bbox 353 1145 470 1207; x_wconf 87' lang='lat' dir='ltr'><strong>novem,</strong></span> <span class='ocrx_word' id='word_1_66' title='bbox 502 1146 570 1187; x_wconf 93' lang='lat' dir='ltr'><strong>cum</strong></span> <span class='ocrx_word' id='word_1_67' title='bbox 597 1129 655 1186; x_wconf 92' lang='lat' dir='ltr'><strong>iam</strong></span> <span class='ocrx_word' id='word_1_68' title='bbox 683 1136 728 1186; x_wconf 93' lang='lat' dir='ltr'><strong>est</strong></span> <span class='ocrx_word' id='word_1_69' title='bbox 756 1134 853 1206; x_wconf 86' lang='lat' dir='ltr'><strong>vetus,</strong></span> <span class='ocrx_word' id='word_1_70' title='bbox 887 1127 1013 1206; x_wconf 87' lang='lat' dir='ltr'><strong>dIgerito</strong></span> <span class='ocrx_word' id='word_1_71' title='bbox 1046 1135 1076 1188; x_wconf 88' lang='lat' dir='ltr'><strong>et</strong></span> <span class='ocrx_word' id='word_1_72' title='bbox 1103 1130 1134 1188; x_wconf 94' lang='lat' dir='ltr'><strong>in</strong></span> <span class='ocrx_word' id='word_1_73' title='bbox 1164 1147 1222 1207; x_wconf 92' lang='lat' dir='ltr'><strong>quo</strong></span> <span class='ocrx_word' id='word_1_74' title='bbox 1249 1128 1319 1190; x_wconf 93' lang='lat' dir='ltr'><strong>loco</strong></span> 
     </span>
    </p>

    <p class='ocr_par' dir='ltr' id='par_1_4' title="bbox 31 1232 1319 1313">
     <span class='ocr_line' id='line_1_9' title="bbox 31 1232 1319 1313; baseline 0.003 -21"><span class='ocrx_word' id='word_1_75' title='bbox 31 1301 34 1309; x_wconf 35' lang='grc'>,</span> <span class='ocrx_word' id='word_1_76' title='bbox 135 1236 154 1292; x_wconf 92' lang='grc'>4</span> <span class='ocrx_word' id='word_1_77' title='bbox 173 1241 316 1313; x_wconf 93' lang='lat' dir='ltr'><strong>posturus</strong></span> <span class='ocrx_word' id='word_1_78' title='bbox 339 1236 400 1294; x_wconf 91' lang='lat' dir='ltr'><strong>eris</strong></span> <span class='ocrx_word' id='word_1_79' title='bbox 423 1242 532 1295; x_wconf 87' lang='lat' dir='ltr'><strong>terram</strong></span> <span class='ocrx_word' id='word_1_80' title='bbox 557 1232 632 1294; x_wconf 91' lang='lat' dir='ltr'><strong>bene</strong></span> <span class='ocrx_word' id='word_1_81' title='bbox 656 1233 785 1310; x_wconf 82' lang='lat' dir='ltr'><strong>subigito</strong></span> <span class='ocrx_word' id='word_1_82' title='bbox 809 1242 839 1293; x_wconf 91' lang='lat' dir='ltr'><strong>et</strong></span> <span class='ocrx_word' id='word_1_83' title='bbox 858 1240 1030 1294; x_wconf 90' lang='lat' dir='ltr'><strong>stercorato.</strong></span> <span class='ocrx_word' id='word_1_84' title='bbox 1063 1235 1170 1294; x_wconf 92' lang='lat' dir='ltr'><strong>deinde</strong></span> <span class='ocrx_word' id='word_1_85' title='bbox 1190 1235 1319 1296; x_wconf 89' lang='lat' dir='ltr'><strong>lossulas</strong></span> 
     </span>
    </p>

    <p class='ocr_par' dir='ltr' id='par_1_5' title="bbox 173 1339 1362 1826">
     <span class='ocr_line' id='line_1_10' title="bbox 174 1339 1319 1421; baseline 0.002 -22"><span class='ocrx_word' id='word_1_86' title='bbox 174 1340 275 1421; x_wconf 85' lang='lat' dir='ltr'><strong>facito,</strong></span> <span class='ocrx_word' id='word_1_87' title='bbox 300 1358 357 1418; x_wconf 94' lang='lat' dir='ltr'><strong>qua</strong></span> <span class='ocrx_word' id='word_1_88' title='bbox 380 1340 497 1401; x_wconf 88' lang='lat' dir='ltr'><strong>radices</strong></span> <span class='ocrx_word' id='word_1_89' title='bbox 519 1342 653 1418; x_wconf 83' lang='lat' dir='ltr'><strong>asparagi</strong></span> <span class='ocrx_word' id='word_1_90' title='bbox 681 1339 826 1400; x_wconf 89' lang='lat' dir='ltr'><strong>demittas.</strong></span> <span class='ocrx_word' id='word_1_91' title='bbox 868 1340 1055 1400; x_wconf 88' lang='lat' dir='ltr'><strong>intervallum</strong></span> <span class='ocrx_word' id='word_1_92' title='bbox 1083 1343 1122 1400; x_wconf 92' lang='lat' dir='ltr'><strong>sit</strong></span> <span class='ocrx_word' id='word_1_93' title='bbox 1151 1359 1189 1401; x_wconf 89' lang='lat' dir='ltr'><strong>ne</strong></span> <span class='ocrx_word' id='word_1_94' title='bbox 1216 1343 1319 1402; x_wconf 91' lang='lat' dir='ltr'><strong>minus</strong></span> 
     </span>
     <span class='ocr_line' id='line_1_11' title="bbox 173 1427 1362 1528; baseline -0.001 -21"><span class='ocrx_word' id='word_1_95' title='bbox 173 1447 264 1524; x_wconf 92' lang='lat' dir='ltr'><strong>pedes</strong></span> <span class='ocrx_word' id='word_1_96' title='bbox 289 1445 421 1524; x_wconf 89' lang='lat' dir='ltr'><strong>singulos</strong></span> <span class='ocrx_word' id='word_1_97' title='bbox 450 1447 529 1505; x_wconf 91' lang='lat' dir='ltr'><strong>inter</strong></span> <span class='ocrx_word' id='word_1_98' title='bbox 557 1427 672 1505; x_wconf 84' lang='lat' dir='ltr'><strong>radices</strong></span> <span class='ocrx_word' id='word_1_99' title='bbox 701 1447 844 1524; x_wconf 90' lang='lat' dir='ltr'>asparagi.</span> <span class='ocrx_word' id='word_1_100' title='bbox 886 1445 998 1526; x_wconf 80' lang='lat' dir='ltr'><strong>vellito,</strong></span> <span class='ocrx_word' id='word_1_101' title='bbox 1027 1448 1069 1506; x_wconf 94' lang='lat' dir='ltr'><strong>sic</strong></span> <span class='ocrx_word' id='word_1_102' title='bbox 1098 1447 1319 1528; x_wconf 81' lang='lat' dir='ltr'><strong>circumfodito,</strong></span> <span class='ocrx_word' id='word_1_103' title='bbox 1334 1468 1362 1506; x_wconf 82' lang='grc' dir='ltr'><strong>ιο</strong></span> 
     </span>
     <span class='ocr_line' id='line_1_12' title="bbox 174 1550 1320 1633; baseline 0.002 -21"><span class='ocrx_word' id='word_1_104' title='bbox 174 1563 208 1612; x_wconf 90' lang='lat' dir='ltr'><strong>ut</strong></span> <span class='ocrx_word' id='word_1_105' title='bbox 235 1552 320 1614; x_wconf 90' lang='lat' dir='ltr'><strong>lacile</strong></span> <span class='ocrx_word' id='word_1_106' title='bbox 349 1550 456 1611; x_wconf 86' lang='lat' dir='ltr'><strong>vellere</strong></span> <span class='ocrx_word' id='word_1_107' title='bbox 483 1554 595 1629; x_wconf 92' lang='lat' dir='ltr'><strong>possis:</strong></span> <span class='ocrx_word' id='word_1_108' title='bbox 628 1560 729 1612; x_wconf 87' lang='lat' dir='ltr'><strong>caveto</strong></span> <span class='ocrx_word' id='word_1_109' title='bbox 765 1570 801 1611; x_wconf 92' lang='lat' dir='ltr'><strong>ne</strong></span> <span class='ocrx_word' id='word_1_110' title='bbox 835 1552 995 1633; x_wconf 79' lang='lat' dir='ltr'>frangatur.</span> <span class='ocrx_word' id='word_1_111' title='bbox 1047 1560 1164 1613; x_wconf 88' lang='lat' dir='ltr'><strong>stercus</strong></span> <span class='ocrx_word' id='word_1_112' title='bbox 1195 1553 1320 1614; x_wconf 91' lang='lat' dir='ltr'><strong>ovillum</strong></span> 
     </span>
     <span class='ocr_line' id='line_1_13' title="bbox 174 1658 1320 1738; baseline 0.003 -19"><span class='ocrx_word' id='word_1_113' title='bbox 174 1678 263 1738; x_wconf 86' lang='lat' dir='ltr'><strong>quam</strong></span> <span class='ocrx_word' id='word_1_114' title='bbox 285 1658 448 1737; x_wconf 89' lang='lat' dir='ltr'><strong>plurImum</strong></span> <span class='ocrx_word' id='word_1_115' title='bbox 472 1658 516 1718; x_wconf 90' lang='lat' dir='ltr'><strong>lac</strong></span> <span class='ocrx_word' id='word_1_116' title='bbox 540 1661 673 1737; x_wconf 84' lang='lat' dir='ltr'><strong>ingeras:</strong></span> <span class='ocrx_word' id='word_1_117' title='bbox 699 1659 729 1718; x_wconf 96' lang='lat' dir='ltr'><strong>id</strong></span> <span class='ocrx_word' id='word_1_118' title='bbox 754 1666 800 1719; x_wconf 88' lang='lat' dir='ltr'><strong>est</strong></span> <span class='ocrx_word' id='word_1_119' title='bbox 823 1662 967 1737; x_wconf 88' lang='lat' dir='ltr'><strong>optimum</strong></span> <span class='ocrx_word' id='word_1_120' title='bbox 990 1659 1027 1719; x_wconf 96' lang='lat' dir='ltr'><strong>ad</strong></span> <span class='ocrx_word' id='word_1_121' title='bbox 1050 1679 1114 1719; x_wconf 93' lang='lat' dir='ltr'><strong>eam</strong></span> <span class='ocrx_word' id='word_1_122' title='bbox 1138 1679 1216 1721; x_wconf 90' lang='lat' dir='ltr'><strong>rem:</strong></span> <span class='ocrx_word' id='word_1_123' title='bbox 1244 1661 1320 1722; x_wconf 90' lang='lat' dir='ltr'><strong>aliut</strong></span> 
     </span>
     <span class='ocr_line' id='line_1_14' title="bbox 175 1765 535 1826; baseline -0.006 0"><span class='ocrx_word' id='word_1_124' title='bbox 175 1775 292 1826; x_wconf 88' lang='lat' dir='ltr'><strong>stercus</strong></span> <span class='ocrx_word' id='word_1_125' title='bbox 315 1765 422 1825; x_wconf 91' lang='lat' dir='ltr'><strong>herbas</strong></span> <span class='ocrx_word' id='word_1_126' title='bbox 446 1773 535 1825; x_wconf 87' lang='lat' dir='ltr'><strong>creat.</strong></span> 
     </span>
    </p>

    <p class='ocr_par' dir='ltr' id='par_1_6' title="bbox 67 1872 1321 1954">
     <span class='ocr_line' id='line_1_15' title="bbox 67 1872 1321 1954; baseline -0.002 -16"><span class='ocrx_word' id='word_1_127' title='bbox 67 1881 156 1938; x_wconf 82' lang='lat' dir='ltr'><strong>euxn</strong></span> <span class='ocrx_word' id='word_1_128' title='bbox 266 1872 385 1933; x_wconf 89' lang='lat' dir='ltr'><strong>Salsura</strong></span> <span class='ocrx_word' id='word_1_129' title='bbox 408 1891 569 1951; x_wconf 91' lang='lat' dir='ltr'><strong>pernarum</strong></span> <span class='ocrx_word' id='word_1_130' title='bbox 601 1881 631 1932; x_wconf 91' lang='lat' dir='ltr'><strong>et</strong></span> <span class='ocrx_word' id='word_1_131' title='bbox 658 1872 763 1934; x_wconf 84' lang='lat' dir='ltr'><strong>osellae</strong></span> <span class='ocrx_word' id='word_1_132' title='bbox 789 1873 972 1954; x_wconf 85' lang='lat' dir='ltr'><strong>puteolanae.</strong></span> <span class='ocrx_word' id='word_1_133' title='bbox 1012 1891 1121 1952; x_wconf 91' lang='lat' dir='ltr'><strong>pernas</strong></span> <span class='ocrx_word' id='word_1_134' title='bbox 1152 1874 1249 1935; x_wconf 85' lang='lat' dir='ltr'><strong>sallire</strong></span> <span class='ocrx_word' id='word_1_135' title='bbox 1276 1877 1321 1937; x_wconf 75' lang='lat' dir='ltr'><strong>stc</strong></span> 
     </span>
    </p>

    <p class='ocr_par' dir='ltr' id='par_1_7' title="bbox 117 1979 1366 2488">
     <span class='ocr_line' id='line_1_16' title="bbox 174 1979 1366 2059; baseline 0.001 -18"><span class='ocrx_word' id='word_1_136' title='bbox 174 1987 293 2058; x_wconf 86' lang='lat' dir='ltr'><strong>oportet</strong></span> <span class='ocrx_word' id='word_1_137' title='bbox 315 1981 347 2039; x_wconf 94' lang='lat' dir='ltr'><strong>in</strong></span> <span class='ocrx_word' id='word_1_138' title='bbox 370 1979 448 2039; x_wconf 94' lang='lat' dir='ltr'><strong>dolio</strong></span> <span class='ocrx_word' id='word_1_139' title='bbox 472 1989 523 2040; x_wconf 93' lang='lat' dir='ltr'><strong>ant</strong></span> <span class='ocrx_word' id='word_1_140' title='bbox 541 1982 571 2040; x_wconf 89' lang='lat' dir='ltr'><strong>ln</strong></span> <span class='ocrx_word' id='word_1_141' title='bbox 591 1982 676 2041; x_wconf 91' lang='lat' dir='ltr'><strong>seria.</strong></span> <span class='ocrx_word' id='word_1_142' title='bbox 717 1999 786 2041; x_wconf 92' lang='lat' dir='ltr'><strong>cum</strong></span> <span class='ocrx_word' id='word_1_143' title='bbox 800 1999 907 2059; x_wconf 89' lang='lat' dir='ltr'><strong>pernas</strong></span> <span class='ocrx_word' id='word_1_144' title='bbox 922 1982 1043 2059; x_wconf 84' lang='lat' dir='ltr'><strong>emeris,</strong></span> <span class='ocrx_word' id='word_1_145' title='bbox 1066 1979 1193 2058; x_wconf 84' lang='lat' dir='ltr'><strong>ungulas</strong></span> <span class='ocrx_word' id='word_1_146' title='bbox 1216 1998 1322 2042; x_wconf 90' lang='lat' dir='ltr'><strong>earum</strong></span> <span class='ocrx_word' id='word_1_147' title='bbox 1336 2008 1366 2050; x_wconf 69' lang='lat'><strong>15</strong></span> 
     </span>
     <span class='ocr_line' id='line_1_17' title="bbox 175 2068 1321 2166; baseline 0 -18"><span class='ocrx_word' id='word_1_148' title='bbox 175 2087 348 2166; x_wconf 91' lang='lat' dir='ltr'><strong>praecidito.</strong></span> <span class='ocrx_word' id='word_1_149' title='bbox 395 2068 464 2147; x_wconf 91' lang='lat' dir='ltr'><strong>salis</strong></span> <span class='ocrx_word' id='word_1_150' title='bbox 496 2090 692 2147; x_wconf 91' lang='lat' dir='ltr'><strong>romaniensis</strong></span> <span class='ocrx_word' id='word_1_151' title='bbox 726 2087 822 2147; x_wconf 90' lang='lat' dir='ltr'><strong>moliti</strong></span> <span class='ocrx_word' id='word_1_152' title='bbox 857 2091 889 2150; x_wconf 89' lang='lat' dir='ltr'><strong>in</strong></span> <span class='ocrx_word' id='word_1_153' title='bbox 921 2087 1051 2165; x_wconf 90' lang='lat' dir='ltr'><strong>singulas</strong></span> <span class='ocrx_word' id='word_1_154' title='bbox 1084 2088 1240 2148; x_wconf 88' lang='lat' dir='ltr'><strong>semodios.</strong></span> <span class='ocrx_word' id='word_1_155' title='bbox 1289 2090 1321 2148; x_wconf 91' lang='lat' dir='ltr'><strong>in</strong></span> 
     </span>
     <span class='ocr_line' id='line_1_18' title="bbox 117 2174 1321 2276; baseline 0 -22"><span class='ocrx_word' id='word_1_156' title='bbox 117 2174 120 2181; x_wconf 36' lang='lat'><strong>¹</strong></span> <span class='ocrx_word' id='word_1_157' title='bbox 176 2195 268 2255; x_wconf 92' lang='lat' dir='ltr'><strong>lundo</strong></span> <span class='ocrx_word' id='word_1_158' title='bbox 292 2194 363 2254; x_wconf 93' lang='lat' dir='ltr'><strong>dolii</strong></span> <span class='ocrx_word' id='word_1_159' title='bbox 386 2203 437 2254; x_wconf 82' lang='lat' dir='ltr'><strong>aut.</strong></span> <span class='ocrx_word' id='word_1_160' title='bbox 461 2197 555 2255; x_wconf 89' lang='lat' dir='ltr'><strong>seriae</strong></span> <span class='ocrx_word' id='word_1_161' title='bbox 579 2194 638 2255; x_wconf 91' lang='lat' dir='ltr'><strong>sale</strong></span> <span class='ocrx_word' id='word_1_162' title='bbox 663 2196 801 2274; x_wconf 79' lang='lat' dir='ltr'><strong>sternito,</strong></span> <span class='ocrx_word' id='word_1_163' title='bbox 825 2194 932 2255; x_wconf 90' lang='lat' dir='ltr'><strong>deinde</strong></span> <span class='ocrx_word' id='word_1_164' title='bbox 954 2213 1077 2273; x_wconf 90' lang='lat' dir='ltr'><strong>pernam</strong></span> <span class='ocrx_word' id='word_1_165' title='bbox 1100 2197 1216 2276; x_wconf 82' lang='lat' dir='ltr'><strong>ponito,</strong></span> <span class='ocrx_word' id='word_1_166' title='bbox 1239 2197 1321 2256; x_wconf 92' lang='lat' dir='ltr'><strong>cutis</strong></span> 
     </span>
     <span class='ocr_line' id='line_1_19' title="bbox 178 2299 1321 2381; baseline 0.002 -21"><span class='ocrx_word' id='word_1_167' title='bbox 178 2301 302 2361; x_wconf 86' lang='lat' dir='ltr'><strong>deosum</strong></span> <span class='ocrx_word' id='word_1_168' title='bbox 326 2309 453 2380; x_wconf 84' lang='lat' dir='ltr'><strong>spectet,</strong></span> <span class='ocrx_word' id='word_1_169' title='bbox 478 2301 537 2360; x_wconf 88' lang='lat' dir='ltr'><strong>sale</strong></span> <span class='ocrx_word' id='word_1_170' title='bbox 561 2299 680 2361; x_wconf 92' lang='lat' dir='ltr'><strong>obruito</strong></span> <span class='ocrx_word' id='word_1_171' title='bbox 704 2309 804 2360; x_wconf 86' lang='lat' dir='ltr'><strong>totam.</strong></span> <span class='ocrx_word' id='word_1_172' title='bbox 846 2301 952 2360; x_wconf 86' lang='lat' dir='ltr'><strong>deinde</strong></span> <span class='ocrx_word' id='word_1_173' title='bbox 976 2300 1097 2363; x_wconf 90' lang='lat' dir='ltr'><strong>alteram</strong></span> <span class='ocrx_word' id='word_1_174' title='bbox 1119 2303 1244 2381; x_wconf 90' lang='lat' dir='ltr'><strong>insuper</strong></span> <span class='ocrx_word' id='word_1_175' title='bbox 1268 2320 1321 2380; x_wconf 93' lang='lat' dir='ltr'><strong>po·</strong></span> 
     </span>
     <span class='ocr_line' id='line_1_20' title="bbox 137 2386 1322 2488; baseline 0.004 -23"><span class='ocrx_word' id='word_1_176' title='bbox 137 2409 252 2487; x_wconf 68' lang='lat' dir='ltr'><strong>inito,</strong></span> <span class='ocrx_word' id='word_1_177' title='bbox 281 2408 384 2467; x_wconf 90' lang='lat' dir='ltr'><strong>eodem</strong></span> <span class='ocrx_word' id='word_1_178' title='bbox 411 2407 498 2467; x_wconf 90' lang='lat' dir='ltr'><strong>modo</strong></span> <span class='ocrx_word' id='word_1_179' title='bbox 527 2407 659 2487; x_wconf 89' lang='lat' dir='ltr'><strong>obruito‚</strong></span> <span class='ocrx_word' id='word_1_180' title='bbox 688 2416 789 2467; x_wconf 86' lang='lat' dir='ltr'><strong>caveto</strong></span> <span class='ocrx_word' id='word_1_181' title='bbox 817 2426 854 2466; x_wconf 94' lang='lat' dir='ltr'><strong>ne</strong></span> <span class='ocrx_word' id='word_1_182' title='bbox 883 2427 951 2467; x_wconf 88' lang='lat' dir='ltr'><strong>caro</strong></span> <span class='ocrx_word' id='word_1_183' title='bbox 980 2386 1099 2470; x_wconf 86' lang='lat' dir='ltr'><strong>carnem</strong></span> <span class='ocrx_word' id='word_1_184' title='bbox 1126 2416 1235 2488; x_wconf 91' lang='lat' dir='ltr'><strong>tangat.</strong></span> <span class='ocrx_word' id='word_1_185' title='bbox 1279 2411 1322 2470; x_wconf 92' lang='lat' dir='ltr'><strong>ita</strong></span> 
     </span>
    </p>
   </div>
   <div class='ocr_carea' id='block_1_3' title="bbox 97 2649 1325 3803">
    <p class='ocr_par' dir='ltr' id='par_1_8' title="bbox 175 2649 1323 2900">
     <span class='ocr_line' id='line_1_21' title="bbox 265 2649 1322 2717; baseline 0.002 -13"><span class='ocrx_word' id='word_1_186' title='bbox 265 2659 278 2704; x_wconf 92' lang='lat'>1</span> <span class='ocrx_word' id='word_1_187' title='bbox 299 2653 364 2704; x_wconf 90' lang='lat' dir='ltr'><strong>ante</strong></span> <span class='ocrx_word' id='word_1_188' title='bbox 384 2650 503 2705; x_wconf 86' lang='lat' dir='ltr'><strong>sarueris</strong></span> <span class='ocrx_word' id='word_1_189' title='bbox 524 2651 570 2703; x_wconf 83' lang='lat' dir='ltr'><strong>Pb</strong></span> <span class='ocrx_word' id='word_1_190' title='bbox 576 2650 594 2717; x_wconf 88' lang='lat' dir='ltr'><em>f</em></span> <span class='ocrx_word' id='word_1_191' title='bbox 600 2649 679 2717; x_wconf 75' lang='lat' dir='ltr'><strong>Vna,</strong></span> <span class='ocrx_word' id='word_1_192' title='bbox 698 2653 763 2703; x_wconf 87' lang='lat' dir='ltr'><strong>ante</strong></span> <span class='ocrx_word' id='word_1_193' title='bbox 782 2651 886 2705; x_wconf 88' lang='lat' dir='ltr'><strong>saneris</strong></span> <span class='ocrx_word' id='word_1_194' title='bbox 906 2668 974 2705; x_wconf 85' lang='lat' dir='ltr'><strong>corr.</strong></span> <span class='ocrx_word' id='word_1_195' title='bbox 994 2654 1059 2706; x_wconf 87' lang='lat' dir='ltr'><strong>ante</strong></span> <span class='ocrx_word' id='word_1_196' title='bbox 1078 2651 1187 2707; x_wconf 73' lang='lat' dir='ltr'><strong>saneris</strong></span> <span class='ocrx_word' id='word_1_197' title='bbox 1206 2652 1233 2703; x_wconf 99' lang='lat' dir='ltr'><strong><em>A</em></strong></span> <span class='ocrx_word' id='word_1_198' title='bbox 1254 2654 1322 2706; x_wconf 88' lang='lat' dir='ltr'><strong>ante</strong></span> 
     </span>
     <span class='ocr_line' id='line_1_22' title="bbox 175 2739 1322 2812; baseline 0.001 -18"><span class='ocrx_word' id='word_1_199' title='bbox 175 2739 329 2795; x_wconf 71' lang='lat' dir='ltr'><strong>saffierise</strong></span> <span class='ocrx_word' id='word_1_200' title='bbox 357 2745 422 2795; x_wconf 90' lang='lat' dir='ltr'><strong>ante</strong></span> <span class='ocrx_word' id='word_1_201' title='bbox 441 2740 599 2794; x_wconf 85' lang='lat' dir='ltr'><strong>sarrieriso</strong></span> <span class='ocrx_word' id='word_1_202' title='bbox 698 2741 864 2812; x_wconf 83' lang='lat' dir='ltr'><strong>asparagus]</strong></span> <span class='ocrx_word' id='word_1_203' title='bbox 890 2757 1011 2812; x_wconf 83' lang='lat' dir='ltr'><strong>aspagus</strong></span> <span class='ocrx_word' id='word_1_204' title='bbox 1028 2741 1056 2794; x_wconf 95' lang='lat' dir='ltr'><strong><em>A</em></strong></span> <span class='ocrx_word' id='word_1_205' title='bbox 1155 2741 1322 2796; x_wconf 81' lang='lat' dir='ltr'><strong>asariendo</strong></span> 
     </span>
     <span class='ocr_line' id='line_1_23' title="bbox 176 2828 1323 2900; baseline 0.002 -18"><span class='ocrx_word' id='word_1_206' title='bbox 176 2831 280 2898; x_wconf 83' lang='lat' dir='ltr'><strong><em>PAbf</em></strong></span> <span class='ocrx_word' id='word_1_207' title='bbox 297 2831 439 2885; x_wconf 81' lang='lat' dir='ltr'><strong>sarrIendo</strong></span> <span class='ocrx_word' id='word_1_208' title='bbox 458 2846 492 2883; x_wconf 86' lang='lat' dir='ltr'><strong>co</strong></span> <span class='ocrx_word' id='word_1_209' title='bbox 577 2828 664 2884; x_wconf 86' lang='lat' dir='ltr'><strong>tercio</strong></span> <span class='ocrx_word' id='word_1_210' title='bbox 683 2830 710 2884; x_wconf 95' lang='lat' dir='ltr'><strong><em>A</em></strong></span> <span class='ocrx_word' id='word_1_211' title='bbox 800 2836 816 2882; x_wconf 83' lang='grc'>3</span> <span class='ocrx_word' id='word_1_212' title='bbox 836 2828 948 2900; x_wconf 88' lang='lat' dir='ltr'><strong>stirpes]</strong></span> <span class='ocrx_word' id='word_1_213' title='bbox 969 2835 1064 2898; x_wconf 84' lang='lat' dir='ltr'><strong>turpes</strong></span> <span class='ocrx_word' id='word_1_214' title='bbox 1083 2846 1150 2885; x_wconf 84' lang='lat' dir='ltr'><strong>corr.</strong></span> <span class='ocrx_word' id='word_1_215' title='bbox 1171 2831 1274 2899; x_wconf 80' lang='lat' dir='ltr'><strong>stirpes</strong></span> <span class='ocrx_word' id='word_1_216' title='bbox 1293 2832 1323 2883; x_wconf 89' lang='lat' dir='ltr'><strong><em>A</em></strong></span> 
     </span>
    </p>

    <p class='ocr_par' dir='ltr' id='par_1_9' title="bbox 245 2917 1322 2990">
     <span class='ocr_line' id='line_1_24' title="bbox 245 2917 1322 2990; baseline -0.002 -16"><span class='ocrx_word' id='word_1_217' title='bbox 245 2927 262 2974; x_wconf 83' lang='lat'>4</span> <span class='ocrx_word' id='word_1_218' title='bbox 281 2937 368 2990; x_wconf 90' lang='lat' dir='ltr'><strong>usque</strong></span> <span class='ocrx_word' id='word_1_219' title='bbox 390 2919 499 2990; x_wconf 89' lang='lat' dir='ltr'><strong>licebit]</strong></span> <span class='ocrx_word' id='word_1_220' title='bbox 519 2917 588 2973; x_wconf 88' lang='lat' dir='ltr'><strong>velli</strong></span> <span class='ocrx_word' id='word_1_221' title='bbox 611 2919 700 2973; x_wconf 90' lang='lat' dir='ltr'><strong>donec</strong></span> <span class='ocrx_word' id='word_1_222' title='bbox 721 2919 750 2973; x_wconf 89' lang='lat' dir='ltr'><strong>in</strong></span> <span class='ocrx_word' id='word_1_223' title='bbox 770 2936 864 2973; x_wconf 89' lang='lat' dir='ltr'><strong>semen</strong></span> <span class='ocrx_word' id='word_1_224' title='bbox 882 2923 940 2987; x_wconf 87' lang='lat' dir='ltr'><strong>eat,</strong></span> <span class='ocrx_word' id='word_1_225' title='bbox 965 2919 993 2972; x_wconf 90' lang='lat' dir='ltr'><strong>id</strong></span> <span class='ocrx_word' id='word_1_226' title='bbox 1017 2919 1112 2973; x_wconf 87' lang='lat' dir='ltr'><strong>autem</strong></span> <span class='ocrx_word' id='word_1_227' title='bbox 1130 2923 1322 2974; x_wconf 86' lang='lat' dir='ltr'><strong>maturescere</strong></span> 
     </span>
    </p>

    <p class='ocr_par' dir='ltr' id='par_1_10' title="bbox 174 3007 1218 3078">
     <span class='ocr_line' id='line_1_25' title="bbox 174 3007 1218 3078; baseline -0.004 -14"><span class='ocrx_word' id='word_1_228' title='bbox 174 3010 211 3064; x_wconf 87' lang='lat' dir='ltr'><strong>ad</strong></span> <span class='ocrx_word' id='word_1_229' title='bbox 228 3026 277 3064; x_wconf 86' lang='lat' dir='ltr'><strong>ver</strong></span> <span class='ocrx_word' id='word_1_230' title='bbox 294 3009 461 3078; x_wconf 85' lang='lat' dir='ltr'><strong>incendique</strong></span> <span class='ocrx_word' id='word_1_231' title='bbox 482 3008 598 3062; x_wconf 77' lang='lat' dir='ltr'><strong>Plinius</strong></span> <span class='ocrx_word' id='word_1_232' title='bbox 711 3013 726 3060; x_wconf 79' lang='lat'>5</span> <span class='ocrx_word' id='word_1_233' title='bbox 745 3011 910 3062; x_wconf 89' lang='lat' dir='ltr'><strong>autumnum</strong></span> <span class='ocrx_word' id='word_1_234' title='bbox 928 3009 996 3062; x_wconf 83' lang='lat' dir='ltr'><strong>Ado</strong></span> <span class='ocrx_word' id='word_1_235' title='bbox 1019 3011 1169 3061; x_wconf 79' lang='lat' dir='ltr'><strong>auctinum</strong></span> <span class='ocrx_word' id='word_1_236' title='bbox 1192 3007 1218 3060; x_wconf 90' lang='lat' dir='ltr'><strong><em>V</em></strong></span> 
     </span>
    </p>

    <p class='ocr_par' dir='ltr' id='par_1_11' title="bbox 97 3096 1325 3701">
     <span class='ocr_line' id='line_1_26' title="bbox 175 3096 1211 3169; baseline -0.001 -17"><span class='ocrx_word' id='word_1_237' title='bbox 175 3105 191 3152; x_wconf 83' lang='lat'><strong>6</strong></span> <span class='ocrx_word' id='word_1_238' title='bbox 211 3116 274 3152; x_wconf 88' lang='lat' dir='ltr'><strong>cum</strong></span> <span class='ocrx_word' id='word_1_239' title='bbox 293 3099 417 3168; x_wconf 89' lang='lat' dir='ltr'><strong>coeperit</strong></span> <span class='ocrx_word' id='word_1_240' title='bbox 438 3098 465 3150; x_wconf 90' lang='lat' dir='ltr'><em>V</em></span> <span class='ocrx_word' id='word_1_241' title='bbox 487 3097 646 3166; x_wconf 82' lang='lat' dir='ltr'><strong>conceperit</strong></span> <span class='ocrx_word' id='word_1_242' title='bbox 664 3097 691 3148; x_wconf 92' lang='lat' dir='ltr'><strong><em>A</em></strong></span> <span class='ocrx_word' id='word_1_243' title='bbox 720 3113 805 3163; x_wconf 90' lang='lat' dir='ltr'><strong>quum</strong></span> <span class='ocrx_word' id='word_1_244' title='bbox 823 3098 930 3169; x_wconf 76' lang='lat' dir='ltr'><strong>opperit</strong></span> <span class='ocrx_word' id='word_1_245' title='bbox 948 3098 963 3151; x_wconf 87' lang='lat' dir='ltr'><strong><em>b</em></strong></span> <span class='ocrx_word' id='word_1_246' title='bbox 992 3113 1055 3150; x_wconf 92' lang='lat' dir='ltr'><strong>cum</strong></span> <span class='ocrx_word' id='word_1_247' title='bbox 1073 3096 1180 3166; x_wconf 89' lang='lat' dir='ltr'><strong>ceperit</strong></span> <span class='ocrx_word' id='word_1_248' title='bbox 1197 3113 1211 3151; x_wconf 88' lang='lat' dir='ltr'><strong>o</strong></span> 
     </span>
     <span class='ocr_line' id='line_1_27' title="bbox 175 3184 1325 3250; baseline 0.003 -10"><span class='ocrx_word' id='word_1_249' title='bbox 175 3189 261 3240; x_wconf 89' lang='lat' dir='ltr'><strong>sarito</strong></span> <span class='ocrx_word' id='word_1_250' title='bbox 289 3191 318 3241; x_wconf 92' lang='lat' dir='ltr'><strong>et</strong></span> <span class='ocrx_word' id='word_1_251' title='bbox 346 3189 499 3241; x_wconf 86' lang='lat' dir='ltr'><strong>stercorato</strong></span> <span class='ocrx_word' id='word_1_252' title='bbox 526 3187 597 3250; x_wconf 86' lang='lat' dir='ltr'><strong>Abf</strong></span> <span class='ocrx_word' id='word_1_253' title='bbox 625 3184 725 3237; x_wconf 81' lang='lat' dir='ltr'><strong>sarrIto</strong></span> <span class='ocrx_word' id='word_1_254' title='bbox 753 3189 782 3238; x_wconf 90' lang='lat' dir='ltr'><strong>et</strong></span> <span class='ocrx_word' id='word_1_255' title='bbox 810 3187 961 3239; x_wconf 89' lang='lat' dir='ltr'><strong>stercorato</strong></span> <span class='ocrx_word' id='word_1_256' title='bbox 984 3184 1027 3238; x_wconf 87' lang='lat' dir='ltr'><strong>Vc</strong></span> <span class='ocrx_word' id='word_1_257' title='bbox 1135 3193 1149 3240; x_wconf 80' lang='lat'>7</span> <span class='ocrx_word' id='word_1_258' title='bbox 1174 3185 1242 3238; x_wconf 91' lang='lat' dir='ltr'><strong>VIII</strong></span> <span class='ocrx_word' id='word_1_259' title='bbox 1270 3191 1325 3243; x_wconf 86' lang='lat' dir='ltr'><strong>aut</strong></span> 
     </span>
     <span class='ocr_line' id='line_1_28' title="bbox 174 3271 1324 3342; baseline 0.003 -14"><span class='ocrx_word' id='word_1_260' title='bbox 174 3291 276 3329; x_wconf 89' lang='lat' dir='ltr'><strong>nouem</strong></span> <span class='ocrx_word' id='word_1_261' title='bbox 296 3275 376 3330; x_wconf 84' lang='lat' dir='ltr'><strong>PAb</strong></span> <span class='ocrx_word' id='word_1_262' title='bbox 404 3274 469 3329; x_wconf 87' lang='lat' dir='ltr'><strong>VIII</strong></span> <span class='ocrx_word' id='word_1_263' title='bbox 488 3278 538 3328; x_wconf 90' lang='lat' dir='ltr'><strong>aut</strong></span> <span class='ocrx_word' id='word_1_264' title='bbox 556 3272 666 3325; x_wconf 87' lang='lat' dir='ltr'><strong>Vllllc</strong></span> <span class='ocrx_word' id='word_1_265' title='bbox 693 3271 758 3324; x_wconf 87' lang='lat' dir='ltr'><strong>VIII</strong></span> <span class='ocrx_word' id='word_1_266' title='bbox 777 3275 827 3326; x_wconf 91' lang='lat' dir='ltr'><strong>ant</strong></span> <span class='ocrx_word' id='word_1_267' title='bbox 851 3274 922 3326; x_wconf 87' lang='lat' dir='ltr'><strong>IXo</strong></span> <span class='ocrx_word' id='word_1_268' title='bbox 1045 3277 1210 3342; x_wconf 88' lang='lat' dir='ltr'><strong>8p0sturus</strong></span> <span class='ocrx_word' id='word_1_269' title='bbox 1228 3276 1324 3331; x_wconf 85' lang='lat' dir='ltr'><strong>PAR</strong></span> 
     </span>
     <span class='ocr_line' id='line_1_29' title="bbox 174 3360 1325 3434; baseline 0 -16"><span class='ocrx_word' id='word_1_270' title='bbox 174 3365 350 3434; x_wconf 83' lang='lat' dir='ltr'><strong>positurusv</strong></span> <span class='ocrx_word' id='word_1_271' title='bbox 423 3362 577 3417; x_wconf 86' lang='lat' dir='ltr'><strong>stercorato</strong></span> <span class='ocrx_word' id='word_1_272' title='bbox 596 3360 676 3414; x_wconf 87' lang='lat' dir='ltr'><strong>ARo</strong></span> <span class='ocrx_word' id='word_1_273' title='bbox 695 3363 846 3416; x_wconf 86' lang='lat' dir='ltr'><strong>stercerato</strong></span> <span class='ocrx_word' id='word_1_274' title='bbox 867 3364 895 3415; x_wconf 95' lang='lat' dir='ltr'><em>P</em></span> <span class='ocrx_word' id='word_1_275' title='bbox 964 3363 1081 3418; x_wconf 85' lang='lat' dir='ltr'><strong>fossulas</strong></span> <span class='ocrx_word' id='word_1_276' title='bbox 1094 3363 1149 3419; x_wconf 85' lang='lat' dir='ltr'><strong>VR</strong></span> <span class='ocrx_word' id='word_1_277' title='bbox 1167 3365 1274 3419; x_wconf 83' lang='lat' dir='ltr'><strong>fosuIas</strong></span> <span class='ocrx_word' id='word_1_278' title='bbox 1293 3366 1325 3418; x_wconf 91' lang='lat' dir='ltr'><strong><em>A</em></strong></span> 
     </span>
     <span class='ocr_line' id='line_1_30' title="bbox 97 3449 1324 3524; baseline 0 -16"><span class='ocrx_word' id='word_1_279' title='bbox 97 3455 106 3465; x_wconf 78' lang='grc'><em>”</em></span> <span class='ocrx_word' id='word_1_280' title='bbox 246 3460 262 3508; x_wconf 84' lang='grc'><strong>9</strong></span> <span class='ocrx_word' id='word_1_281' title='bbox 282 3454 414 3508; x_wconf 89' lang='lat' dir='ltr'><strong>demittas</strong></span> <span class='ocrx_word' id='word_1_282' title='bbox 437 3451 493 3505; x_wconf 84' lang='lat' dir='ltr'><strong>VR</strong></span> <span class='ocrx_word' id='word_1_283' title='bbox 512 3449 636 3504; x_wconf 87' lang='lat' dir='ltr'><strong>dimittas</strong></span> <span class='ocrx_word' id='word_1_284' title='bbox 654 3451 682 3503; x_wconf 95' lang='lat' dir='ltr'><strong><em>A</em></strong></span> <span class='ocrx_word' id='word_1_285' title='bbox 755 3456 789 3504; x_wconf 90' lang='lat'><strong>10</strong></span> <span class='ocrx_word' id='word_1_286' title='bbox 807 3452 906 3505; x_wconf 87' lang='lat' dir='ltr'><strong>uellite</strong></span> <span class='ocrx_word' id='word_1_287' title='bbox 929 3452 1078 3524; x_wconf 80' lang='lat' dir='ltr'><strong>Victorias,</strong></span> <span class='ocrx_word' id='word_1_288' title='bbox 1097 3454 1212 3509; x_wconf 87' lang='lat' dir='ltr'><strong>euellito</strong></span> <span class='ocrx_word' id='word_1_289' title='bbox 1229 3453 1324 3509; x_wconf 87' lang='lat' dir='ltr'><strong>VAR</strong></span> 
     </span>
     <span class='ocr_line' id='line_1_31' title="bbox 265 3539 1323 3598; baseline -0.001 0"><span class='ocrx_word' id='word_1_290' title='bbox 265 3545 304 3598; x_wconf 92' lang='lat' dir='ltr'><strong>sic</strong></span> <span class='ocrx_word' id='word_1_291' title='bbox 323 3541 488 3598; x_wconf 79' lang='lat' dir='ltr'><strong>circulodito</strong></span> <span class='ocrx_word' id='word_1_292' title='bbox 511 3539 537 3592; x_wconf 91' lang='lat' dir='ltr'><strong><em>V</em></strong></span> <span class='ocrx_word' id='word_1_293' title='bbox 553 3541 577 3593; x_wconf 91' lang='lat' dir='ltr'><strong>si</strong></span> <span class='ocrx_word' id='word_1_294' title='bbox 595 3539 761 3594; x_wconf 75' lang='lat' dir='ltr'><strong>circilodito</strong></span> <span class='ocrx_word' id='word_1_295' title='bbox 781 3542 807 3593; x_wconf 94' lang='lat' dir='ltr'><strong><em>A</em></strong></span> <span class='ocrx_word' id='word_1_296' title='bbox 836 3541 875 3595; x_wconf 88' lang='lat' dir='ltr'><strong>sic</strong></span> <span class='ocrx_word' id='word_1_297' title='bbox 894 3542 1078 3598; x_wconf 86' lang='lat' dir='ltr'><strong>circunfodito</strong></span> <span class='ocrx_word' id='word_1_298' title='bbox 1098 3546 1113 3598; x_wconf 86' lang='lat' dir='ltr'><em>b</em></span> <span class='ocrx_word' id='word_1_299' title='bbox 1141 3545 1181 3598; x_wconf 90' lang='lat' dir='ltr'><strong>sic</strong></span> <span class='ocrx_word' id='word_1_300' title='bbox 1200 3543 1323 3597; x_wconf 88' lang='lat' dir='ltr'><strong>circum-</strong></span> 
     </span>
     <span class='ocr_line' id='line_1_32' title="bbox 174 3630 1325 3701; baseline -0.001 -13"><span class='ocrx_word' id='word_1_301' title='bbox 174 3634 313 3688; x_wconf 83' lang='lat' dir='ltr'><strong>funditoc</strong></span> <span class='ocrx_word' id='word_1_302' title='bbox 386 3637 417 3684; x_wconf 90' lang='lat'><strong>11</strong></span> <span class='ocrx_word' id='word_1_303' title='bbox 438 3630 542 3684; x_wconf 88' lang='lat' dir='ltr'><strong>uellere</strong></span> <span class='ocrx_word' id='word_1_304' title='bbox 558 3631 644 3684; x_wconf 89' lang='lat' dir='ltr'><strong>PAR</strong></span> <span class='ocrx_word' id='word_1_305' title='bbox 663 3631 782 3685; x_wconf 88' lang='lat' dir='ltr'><strong>euellere</strong></span> <span class='ocrx_word' id='word_1_306' title='bbox 801 3649 816 3684; x_wconf 86' lang='lat' dir='ltr'><strong>o</strong></span> <span class='ocrx_word' id='word_1_307' title='bbox 891 3637 922 3684; x_wconf 77' lang='lat'><strong>12</strong></span> <span class='ocrx_word' id='word_1_308' title='bbox 942 3633 1052 3701; x_wconf 86' lang='lat' dir='ltr'><strong>ingeras</strong></span> <span class='ocrx_word' id='word_1_309' title='bbox 1070 3633 1101 3685; x_wconf 90' lang='lat' dir='ltr'><strong>id</strong></span> <span class='ocrx_word' id='word_1_310' title='bbox 1120 3637 1162 3687; x_wconf 89' lang='lat' dir='ltr'><strong>est</strong></span> <span class='ocrx_word' id='word_1_311' title='bbox 1180 3633 1325 3701; x_wconf 82' lang='lat' dir='ltr'><strong>optimum</strong></span> 
     </span>
    </p>

    <p class='ocr_par' dir='ltr' id='par_1_12' title="bbox 107 3718 1018 3803">
     <span class='ocr_line' id='line_1_33' title="bbox 107 3718 1018 3803; baseline 0 -28"><span class='ocrx_word' id='word_1_312' title='bbox 107 3790 113 3803; x_wconf 42' lang='lat'><strong>·</strong></span> <span class='ocrx_word' id='word_1_313' title='bbox 178 3723 222 3778; x_wconf 83' lang='lat' dir='ltr'><strong>Vb</strong></span> <span class='ocrx_word' id='word_1_314' title='bbox 241 3718 570 3791; x_wconf 87' lang='lat' dir='ltr'><strong>ingeras·i·optimum</strong></span> <span class='ocrx_word' id='word_1_315' title='bbox 588 3722 636 3774; x_wconf 89' lang='lat' dir='ltr'><strong>Ac</strong></span> <span class='ocrx_word' id='word_1_316' title='bbox 707 3722 778 3774; x_wconf 86' lang='lat' dir='ltr'><strong>aliut</strong></span> <span class='ocrx_word' id='word_1_317' title='bbox 798 3723 825 3774; x_wconf 92' lang='lat' dir='ltr'><em>P</em></span> <span class='ocrx_word' id='word_1_318' title='bbox 842 3723 920 3775; x_wconf 90' lang='lat' dir='ltr'><strong>aliud</strong></span> <span class='ocrx_word' id='word_1_319' title='bbox 938 3723 1018 3775; x_wconf 78' lang='lat' dir='ltr'><strong>Alto</strong></span> 
     </span>
    </p>
   </div>
   <div class='ocr_carea' id='block_1_4' title="bbox 175 3827 1326 3985">
    <p class='ocr_par' dir='ltr' id='par_1_13' title="bbox 175 3827 1326 3985">
     <span class='ocr_line' id='line_1_34' title="bbox 248 3827 1326 3898; baseline 0.001 -16"><span class='ocrx_word' id='word_1_320' title='bbox 248 3836 281 3882; x_wconf 83' lang='lat'><strong>14</strong></span> <span class='ocrx_word' id='word_1_321' title='bbox 300 3829 331 3882; x_wconf 90' lang='lat' dir='ltr'><strong>R.</strong></span> <span class='ocrx_word' id='word_1_322' title='bbox 352 3829 447 3882; x_wconf 87' lang='lat' dir='ltr'>CLXX</span> <span class='ocrx_word' id='word_1_323' title='bbox 467 3827 581 3882; x_wconf 80' lang='lat' dir='ltr'><strong>Salsum</strong></span> <span class='ocrx_word' id='word_1_324' title='bbox 600 3827 652 3895; x_wconf 88' lang='lat' dir='ltr'><strong>(De</strong></span> <span class='ocrx_word' id='word_1_325' title='bbox 671 3827 779 3882; x_wconf 88' lang='lat' dir='ltr'><strong>salsura</strong></span> <span class='ocrx_word' id='word_1_326' title='bbox 798 3829 823 3896; x_wconf 84' lang='lat' dir='ltr'><strong>b)</strong></span> <span class='ocrx_word' id='word_1_327' title='bbox 847 3846 996 3896; x_wconf 85' lang='lat' dir='ltr'><strong>pernarum</strong></span> <span class='ocrx_word' id='word_1_328' title='bbox 1021 3832 1049 3883; x_wconf 92' lang='lat' dir='ltr'><strong>et</strong></span> <span class='ocrx_word' id='word_1_329' title='bbox 1067 3827 1168 3883; x_wconf 88' lang='lat' dir='ltr'><strong>osellae</strong></span> <span class='ocrx_word' id='word_1_330' title='bbox 1191 3831 1326 3898; x_wconf 88' lang='lat' dir='ltr'><strong>puteola-</strong></span> 
     </span>
     <span class='ocr_line' id='line_1_35' title="bbox 175 3917 1326 3985; baseline 0.003 -13"><span class='ocrx_word' id='word_1_331' title='bbox 175 3935 227 3972; x_wconf 89' lang='lat' dir='ltr'><strong>nae</strong></span> <span class='ocrx_word' id='word_1_332' title='bbox 247 3918 326 3972; x_wconf 82' lang='lat' dir='ltr'><strong>AVo</strong></span> <span class='ocrx_word' id='word_1_333' title='bbox 400 3917 513 3970; x_wconf 87' lang='lat' dir='ltr'><strong>Salsura</strong></span> <span class='ocrx_word' id='word_1_334' title='bbox 531 3948 564 3956; x_wconf 93' lang='lat'>—</span> <span class='ocrx_word' id='word_1_335' title='bbox 584 3918 750 3985; x_wconf 85' lang='lat' dir='ltr'><strong>puteolanae</strong></span> <span class='ocrx_word' id='word_1_336' title='bbox 766 3923 829 3985; x_wconf 86' lang='lat' dir='ltr'><strong>post</strong></span> <span class='ocrx_word' id='word_1_337' title='bbox 846 3919 985 3972; x_wconf 78' lang='lat' dir='ltr'><strong>rubricam</strong></span> <span class='ocrx_word' id='word_1_338' title='bbox 1003 3936 1053 3972; x_wconf 82' lang='lat' dir='ltr'><strong>ona.</strong></span> <span class='ocrx_word' id='word_1_339' title='bbox 1067 3918 1150 3972; x_wconf 83' lang='lat' dir='ltr'><strong>VAR</strong></span> <span class='ocrx_word' id='word_1_340' title='bbox 1223 3920 1326 3975; x_wconf 82' lang='lat' dir='ltr'><strong>sallire</strong></span> 
     </span>
    </p>
   </div>
   <div class='ocr_carea' id='block_1_5' title="bbox 171 4021 1328 4385">
    <p class='ocr_par' dir='ltr' id='par_1_14' title="bbox 176 4021 1328 4112">
     <span class='ocr_line' id='line_1_36' title="bbox 176 4021 1328 4112; baseline 0.002 -16"><span class='ocrx_word' id='word_1_341' title='bbox 176 4045 276 4107; x_wconf 87' lang='lat' dir='ltr'><strong>PAbc</strong></span> <span class='ocrx_word' id='word_1_342' title='bbox 295 4044 377 4099; x_wconf 91' lang='lat' dir='ltr'><strong>salire</strong></span> <span class='ocrx_word' id='word_1_343' title='bbox 396 4047 429 4112; x_wconf 83' lang='lat' dir='ltr'><strong>fc</strong></span> <span class='ocrx_word' id='word_1_344' title='bbox 539 4051 572 4097; x_wconf 80' lang='grc'><strong>16</strong></span> <span class='ocrx_word' id='word_1_345' title='bbox 591 4042 773 4097; x_wconf 87' lang='lat' dir='ltr'><strong>romaniensis</strong></span> <span class='ocrx_word' id='word_1_346' title='bbox 797 4043 862 4111; x_wconf 79' lang='lat' dir='ltr'><em>ch</em></span> <span class='ocrx_word' id='word_1_347' title='bbox 875 4021 1047 4098; x_wconf 60' lang='lat' dir='ltr'><strong>romanensis</strong></span> <span class='ocrx_word' id='word_1_348' title='bbox 1067 4046 1082 4098; x_wconf 86' lang='lat' dir='ltr'><em>b</em></span> <span class='ocrx_word' id='word_1_349' title='bbox 1100 4044 1276 4098; x_wconf 85' lang='lat' dir='ltr'><strong>romanensis</strong></span> <span class='ocrx_word' id='word_1_350' title='bbox 1296 4048 1328 4098; x_wconf 91' lang='lat' dir='ltr'><strong><em>A</em></strong></span> 
     </span>
    </p>

    <p class='ocr_par' dir='ltr' id='par_1_15' title="bbox 171 4133 1328 4385">
     <span class='ocr_line' id='line_1_37' title="bbox 263 4133 1327 4190; baseline 0 -1"><span class='ocrx_word' id='word_1_351' title='bbox 263 4137 402 4190; x_wconf 86' lang='lat' dir='ltr'><strong>semodius</strong></span> <span class='ocrx_word' id='word_1_352' title='bbox 421 4135 566 4189; x_wconf 77' lang='lat' dir='ltr'><strong>Iucundos</strong></span> <span class='ocrx_word' id='word_1_353' title='bbox 667 4139 698 4186; x_wconf 85' lang='grc'><strong>17</strong></span> <span class='ocrx_word' id='word_1_354' title='bbox 719 4133 776 4187; x_wconf 86' lang='lat' dir='ltr'><strong>sale</strong></span> <span class='ocrx_word' id='word_1_355' title='bbox 795 4133 912 4187; x_wconf 82' lang='lat' dir='ltr'><strong>sternito</strong></span> <span class='ocrx_word' id='word_1_356' title='bbox 933 4133 1024 4186; x_wconf 85' lang='lat' dir='ltr'><strong>PAR</strong></span> <span class='ocrx_word' id='word_1_357' title='bbox 1050 4136 1136 4187; x_wconf 89' lang='lat' dir='ltr'><strong>salem</strong></span> <span class='ocrx_word' id='word_1_358' title='bbox 1156 4134 1278 4188; x_wconf 87' lang='lat' dir='ltr'><strong>sternito</strong></span> <span class='ocrx_word' id='word_1_359' title='bbox 1298 4151 1327 4189; x_wconf 83' lang='lat' dir='ltr'><strong>v.</strong></span> 
     </span>
     <span class='ocr_line' id='line_1_38' title="bbox 177 4221 1328 4292; baseline 0.003 -16"><span class='ocrx_word' id='word_1_360' title='bbox 177 4223 285 4276; x_wconf 83' lang='lat' dir='ltr'><strong>‘Salem</strong></span> <span class='ocrx_word' id='word_1_361' title='bbox 306 4225 431 4278; x_wconf 86' lang='lat' dir='ltr'><strong>sternito.</strong></span> <span class='ocrx_word' id='word_1_362' title='bbox 468 4225 595 4291; x_wconf 77' lang='lat' dir='ltr'><strong>Antiqua</strong></span> <span class='ocrx_word' id='word_1_363' title='bbox 623 4224 699 4276; x_wconf 77' lang='lat' dir='ltr'><strong>lectio</strong></span> <span class='ocrx_word' id='word_1_364' title='bbox 719 4221 791 4275; x_wconf 82' lang='lat' dir='ltr'><strong>Sale.</strong></span> <span class='ocrx_word' id='word_1_365' title='bbox 828 4226 901 4275; x_wconf 83' lang='lat' dir='ltr'><strong>Ante</strong></span> <span class='ocrx_word' id='word_1_366' title='bbox 926 4224 1019 4287; x_wconf 83' lang='lat' dir='ltr'><strong>etiam,</strong></span> <span class='ocrx_word' id='word_1_367' title='bbox 1046 4224 1096 4276; x_wconf 84' lang='lat' dir='ltr'><strong>nba&#39;</strong></span> <span class='ocrx_word' id='word_1_368' title='bbox 1117 4225 1149 4277; x_wconf 86' lang='lat' dir='ltr'><strong>de</strong></span> <span class='ocrx_word' id='word_1_369' title='bbox 1172 4224 1228 4292; x_wconf 72' lang='lat' dir='ltr'><strong>lege</strong></span> <span class='ocrx_word' id='word_1_370' title='bbox 1248 4226 1328 4279; x_wconf 86' lang='lat' dir='ltr'><strong>oleae</strong></span> 
     </span>
     <span class='ocr_line' id='line_1_39' title="bbox 171 4310 1327 4385; baseline 0.002 -21"><span class='ocrx_word' id='word_1_371' title='bbox 171 4311 324 4385; x_wconf 12' lang='lat' dir='ltr'><strong>*sociandae</strong></span> <span class='ocrx_word' id='word_1_372' title='bbox 343 4314 410 4379; x_wconf 80' lang='lat' dir='ltr'><strong>apat,</strong></span> <span class='ocrx_word' id='word_1_373' title='bbox 428 4313 460 4365; x_wconf 78' lang='lat' dir='ltr'><strong>in</strong></span> <span class='ocrx_word' id='word_1_374' title='bbox 478 4313 581 4378; x_wconf 80' lang='lat' dir='ltr'><strong>iisdem,</strong></span> <span class='ocrx_word' id='word_1_375' title='bbox 600 4311 639 4364; x_wconf 83' lang='lat' dir='ltr'><strong>Et</strong></span> <span class='ocrx_word' id='word_1_376' title='bbox 657 4312 713 4364; x_wconf 84' lang='lat' dir='ltr'><strong>sale</strong></span> <span class='ocrx_word' id='word_1_377' title='bbox 730 4327 796 4364; x_wconf 84' lang='lat' dir='ltr'><strong>snae</strong></span> <span class='ocrx_word' id='word_1_378' title='bbox 814 4311 920 4364; x_wconf 82' lang='lat' dir='ltr'><strong>nsa&#39;ont&#39;</strong></span> <span class='ocrx_word' id='word_1_379' title='bbox 939 4311 1077 4365; x_wconf 80' lang='lat' dir='ltr'><strong>Victorias</strong></span> <span class='ocrx_word' id='word_1_380' title='bbox 1149 4317 1181 4363; x_wconf 90' lang='lat'><strong>18</strong></span> <span class='ocrx_word' id='word_1_381' title='bbox 1201 4310 1327 4366; x_wconf 87' lang='lat' dir='ltr'><strong>deosum</strong></span> 
     </span>
    </p>
   </div>
   <div class='ocr_carea' id='block_1_6' title="bbox 176 4407 886 4503">
    <p class='ocr_par' dir='ltr' id='par_1_16' title="bbox 176 4407 886 4503">
     <span class='ocr_line' id='line_1_40' title="bbox 176 4407 886 4503; baseline -0.003 -15"><span class='ocrx_word' id='word_1_382' title='bbox 176 4435 231 4488; x_wconf 90' lang='lat' dir='ltr'><strong>PA</strong></span> <span class='ocrx_word' id='word_1_383' title='bbox 251 4435 380 4487; x_wconf 88' lang='lat' dir='ltr'><strong>deorsum</strong></span> <span class='ocrx_word' id='word_1_384' title='bbox 398 4436 446 4489; x_wconf 84' lang='lat' dir='ltr'><strong>Ro</strong></span> <span class='ocrx_word' id='word_1_385' title='bbox 555 4407 654 4492; x_wconf 67' lang='lat' dir='ltr'><strong>obruite</strong></span> <span class='ocrx_word' id='word_1_386' title='bbox 670 4437 762 4503; x_wconf 82' lang='lat' dir='ltr'><strong>primo</strong></span> <span class='ocrx_word' id='word_1_387' title='bbox 786 4436 842 4488; x_wconf 87' lang='lat' dir='ltr'><strong>loco</strong></span> <span class='ocrx_word' id='word_1_388' title='bbox 861 4436 886 4486; x_wconf 90' lang='lat' dir='ltr'><strong><em>A</em></strong></span> 
     </span>
    </p>
   </div>
   <div class='ocr_carea' id='block_1_7' title="bbox 0 0 1511 5026">
    <p class='ocr_par' dir='ltr' id='par_1_17' title="bbox 0 0 1511 5026">
     <span class='ocr_line' id='line_1_41' title="bbox 0 0 1511 5026; baseline 0 0"><span class='ocrx_word' id='word_1_389' title='bbox 0 0 1511 5026; x_wconf 95' lang='lat' dir='ltr'><strong> </strong></span> 
     </span>
    </p>
   </div>
  </div>
 </body>
</html>
