3000 5026
182 319 248 383 308
673 321 860 396 rannerus

183 491 320 549 sestertia
339 508 374 550 ex
394 491 480 551 melle
500 493 634 569 recipere
654 507 720 549 esse
740 488 850 569 sclitoS,
870 492 1000 550 cumeis
1020 499 1050 549 et
1070 489 1142 573 veile
1162 499 1328 578 effectam,

184 604 217 671 ut
249 614 304 684 sym
333 600 433 683 ponus
461 606 595 676 tempure
624 605 820 675 mercatorem
848 597 1052 677 adnmterent,
1085 615 1174 676 qnam
1201 597 1329 670 emerius

183 701 287 775 alieno.
332 704 385 764 Dic
409 707 509 784 Igitur,
533 705 640 783 inquit,
663 702 714 763 ubi
739 711 768 762 et
792 704 878 763 cuius
902 703 982 763 medi
1005 721 1052 762 me
1076 703 1174 764 iacere
1193 713 1331 782 oporteat
1368 688 1371 691 ⁵

137 809 342 891 walnarium,
370 819 403 870 ut
430 829 552 888 magnus
580 812 692 887 capiam
713 810 836 871 fructus.
882 809 949 888 ille,
976 809 1143 870 Melittonas
1166 812 1208 870 ita
1232 811 1331 871 facere

183 926 313 997 oportet,
350 936 425 996 quos
457 917 507 977 alii
538 915 726 995 melitrcphia
758 915 919 996 appeliant,
956 916 1078 976 eandem
1111 935 1175 976 rem
1208 918 1330 995 quidam
1367 940 1374 978 ε

183 1024 323 1084 mellaria.
370 1028 499 1103 primum
520 1024 683 1084 secundum
703 1021 800 1082 villam
823 1025 1020 1103 potissimum,
1039 1022 1090 1082 ubi
1109 1041 1168 1083 non
1188 1035 1334 1085 resonent

183 1135 326 1210 imagines
355 1128 418 1213 (hic
447 1134 526 1191 enim
555 1149 645 1191 sunus
675 1130 780 1190 harum
808 1129 893 1208 fugae
922 1131 1108 1190 existimatur
1135 1149 1202 1191 esse
1228 1151 1332 1210 proce

183 1232 280 1322 rum),
313 1258 378 1299 esse
407 1247 524 1319 oportet
552 1256 619 1298 aere
650 1236 706 1314 [et]
741 1246 918 1317 temperato,
951 1255 1048 1315 neque
1076 1245 1187 1298 aestate
1218 1239 1333 1299 fervido

182 1365 279 1424 neque
299 1346 396 1406 hieme
415 1365 475 1406 non
495 1348 604 1424 apricO,
629 1353 661 1404 ut
681 1353 795 1423 spectet
815 1346 1002 1422 potissimum
1021 1345 1057 1404 ad
1076 1343 1221 1405 hibernos
1238 1355 1334 1426 crtus,

183 1451 286 1531 [quae]
320 1462 412 1531 prope
450 1472 482 1513 se
510 1451 573 1512 luca
601 1451 707 1511 habeat
735 1469 781 1531 ee,
815 1450 865 1512 ubi
893 1450 1034 1529 pabulum
1062 1454 1102 1511 sit
1128 1452 1275 1531 frequens
1304 1462 1374 1514 et1

136 1559 175 1616 13
186 1578 260 1638 aqua
289 1578 372 1638 pura.
418 1562 443 1618 si
471 1558 611 1638 pabulum
639 1558 772 1618 naturate
801 1577 860 1618 non
888 1568 947 1638 est,
974 1577 1009 1618 ea
1035 1566 1154 1636 oportet
1177 1559 1336 1621 dominum

183 1684 296 1746 serere,
329 1684 404 1744 quae
438 1669 563 1726 maxime
597 1674 740 1726 secuntur
768 1684 846 1744 apes
898 1683 930 1724 ea
959 1673 1029 1726 sunt
1057 1684 1138 1746 rosa,
1172 1667 1337 1748 serpyllon,

182 1776 357 1854 apiastrum,
381 1792 522 1853 papaver,
546 1772 620 1853 saba,
644 1773 717 1852 lem,
741 1775 847 1851 pisum,
871 1775 1008 1854 ocimum,
1032 1791 1183 1854 cyperum,
1208 1777 1333 1856 medice,

181 1883 307 1940 maxime
341 1884 480 1960 cytisum,
513 1880 592 1958 qucd
626 1880 790 1939 valentibus
822 1879 1013 1940 utilissimum
1045 1889 1098 1941 est.
1149 1884 1264 1942 etenim
1296 1883 1332 1944 ab

182 1989 369 2066 aequinoctio
399 2006 488 2048 verne
516 1988 623 2047 sscrere
652 1988 757 2066 incipit
785 1995 815 2047 et
843 1997 997 2065 permanet
1019 1987 1054 2047 ad
1079 1987 1206 2048 alterum
1231 1993 1374 2068 aequi-1⁵·

136 2093 318 2154 ltncctium
338 2094 550 2172 {autumnum}
587 2094 639 2153 sed
660 2102 693 2154 ut
711 2093 767 2154 hoc
787 2096 972 2172 aptissimum
991 2095 1026 2155 ad
1047 2097 1203 2156 sanitatem
1222 2099 1327 2177 apium,

182 2203 226 2261 sic
255 2201 290 2260 ad
320 2202 499 2262 mellificium
530 2201 672 2281 thymum.
718 2210 841 2280 propter
869 2200 925 2261 huc
950 2201 1083 2262 Siculum
1105 2201 1164 2261 mel
1188 2202 1248 2262 sert
1272 2203 1326 2282 pai·

182 2325 272 2389 mam,
305 2309 383 2386 qued
416 2309 458 2368 ibi
491 2309 624 2387 thymum
657 2307 767 2367 bonum
800 2308 941 2387 frequens
974 2318 1027 2368 est.
1077 2310 1179 2388 itaque
1210 2310 1326 2388 quidam

182 2414 315 2493 thymum
343 2415 530 2475 contundunt
558 2416 588 2474 in
617 2414 675 2492 pila
705 2422 734 2473 et
762 2414 879 2474 diluunt
907 2417 938 2474 in
962 2434 1036 2494 aqua
1060 2415 1172 2493 tepida:
1201 2435 1237 2476 en
1262 2435 1326 2476 con-

135 2521 330 2598 15spergunt
357 2523 454 2581 omnia
483 2522 640 2580 seminaria
664 2521 777 2579 consita
800 2523 899 2598 apium
924 2539 1020 2581 causa.
1067 2522 1145 2600 quod
1170 2523 1361 2589 adtlncurnn

181 2628 324 2706 pertinet,
347 2626 404 2686 hoc
428 2645 521 2704 genus
545 2628 733 2705 potissimum
758 2626 926 2705 eligendum
949 2630 1031 2687 iuxta
1056 2627 1161 2709 villam,
1185 2648 1246 2689 non
1271 2649 1326 2709 qno

183 2812 395 2819 ——ss

145 2914 219 3019 Ἃ·
250 2937 268 2986 4
286 2930 448 2987 melittonas
471 2933 512 2987 itu
533 2933 626 2987 facere
645 2934 756 3002 oportet
779 2933 845 2988 Geli.
871 2933 979 3000 1120,
1002 2938 1020 2988 9
1092 2940 1125 2988 11
1149 2934 1174 2990 si
1191 2936 1330 3005 pabulum

179 3023 306 3103 naturale
325 3039 380 3077 non
399 3026 442 3077 est
460 3024 534 3078 Ptin.
554 3026 606 3088 21,
625 3026 661 3078 70

179 3195 390 3204 .-—-.-———

144 3377 149 3388 ,
210 3315 464 3381 ·1fortuacecum
478 3315 584 3369 vellent
598 3317 744 3384 expectare
799 3334 861 3370 cum
878 3316 917 3372 cis
932 3318 1022 3371 PAB
1035 3319 1096 3372 tum
1110 3334 1186 3374 eosv
1243 3323 1330 3376 tiad-

179 3403 324 3459 mitterent
345 3404 400 3458 VA
426 3402 617 3458 ammitterent
635 3406 663 3459 B
735 3421 791 3473 que
814 3407 931 3460 celerius
951 3408 977 3459 A
1039 3408 1181 3474 sinque
1204 3408 1331 3464 VBin-

180 3491 248 3560 quid
266 3493 294 3548 A
348 3493 545 3549 Ameiittonas
563 3510 579 3546 c
597 3494 759 3549 mellitonus
779 3495 870 3550 PAB
925 3496 1140 3566 5meIitr0phia
1161 3497 1217 3552 VA
1237 3499 1331 3556 melli-

178 3581 292 3651 trophia
311 3582 339 3635 B
429 3581 580 3636 eandemu
605 3582 701 3638 eodem
724 3584 815 3639 PAB
833 3601 902 3639 corr.
921 3585 1018 3639 eedem
1038 3586 1079 3639 Α2
1169 3589 1331 3644 texitisti-

179 3672 272 3724 matur
299 3671 326 3723 A
415 3686 562 3738 procerum
595 3687 654 3725 esse
685 3674 717 3726 in
745 3675 869 3743 marpine
895 3675 1027 3742 arreptum
1054 3677 1087 3730 in
1113 3678 1141 3731 Β
1159 3720 1166 3732 .
1185 3679 1332 3747 protelum

179 3757 301 3827 Seaiiper
364 3763 380 3810 8
400 3774 463 3812 uere
482 3760 510 3812 et
527 3761 684 3830 temperato
704 3762 760 3815 PA
780 3778 843 3816 aere
861 3763 1018 3832 temperato
1034 3767 1082 3820 Bu
1146 3772 1162 3820 9
1182 3767 1286 3836 hyeme
1308 3769 1333 3822 V

259 3845 400 3916 hybernos
424 3847 450 3901 V
531 3854 562 3902 12
590 3858 721 3904 secuntur
739 3850 800 3906 AB
823 3855 976 3921 sequuntur
1000 3853 1027 3906 V
1104 3855 1251 3925 serpyllon
1269 3856 1329 3911 AB

180 3934 314 4005 serpillcn
329 3936 357 3988 P
374 3937 517 4007 serpillum
532 3955 547 3991 c
603 3945 636 3992 13
656 3939 774 3994 ocimum
791 3941 899 4010 ciprum
917 3928 1043 3997 medicae
1057 3944 1086 3998 B
1102 3949 1127 3999 et
1141 3945 1328 4015 adscriptum

178 4079 329 4148 marpiuec’
340 4081 467 4150 eypieum
474 4028 615 4152 chqrppg
625 4082 766 4136 mediceA
776 4101 905 4154 ocymum
915 4085 1061 4140 medicuev
1095 4092 1129 4140 14
1138 4085 1326 4157 cytisumAB

179 4168 316 4238 cythisum
341 4169 367 4222 V
429 4170 504 4239 quod
523 4172 614 4226 minus
633 4171 793 4229 ualentibus
817 4174 934 4229 Ursintm
994 4180 1027 4228 16
1046 4177 1212 4230 autumnum
1232 4181 1263 4234 B
1281 4195 1321 4234 uu·

178 4260 296 4311 tunnum
313 4258 340 4311 P
357 4261 522 4313 autumnum
541 4276 609 4315 cerr.
626 4292 659 4301 -—
675 4262 706 4316 ni
719 4261 747 4314 A
761 4264 908 4333 autumpni
922 4282 948 4318 m
962 4264 1124 4319 anctuunic
1181 4273 1214 4324 17
1235 4270 1325 4325 melli·

59 4411 73 4421 ,
178 4344 268 4398 fitium
287 4347 314 4400 A
377 4347 511 4400 sicculum
525 4351 552 4402 A
619 4356 651 4404 18
670 4351 721 4422 ibi]
742 4351 803 4423 hibi
816 4353 844 4406 A
909 4359 941 4407 19
961 4370 994 4408 eo
1008 4357 1196 4424 conspergunt
1216 4358 1276 4414 VB
1294 4376 1325 4414 co

179 4436 367 4503 conspergunt
384 4437 411 4490 A
431 4453 465 4491 ea
483 4442 671 4509 conspergunt
689 4441 761 4498 A²m
