3000 5026
386 331 388 336 ’
427 316 557 370 RERVM
576 315 812 371 nvsrlonnvn
830 315 898 371 LlB.
917 315 956 369 111
977 310 1016 366 16
1240 313 1306 376 315

162 485 286 564 eximas,
315 483 378 543 lore
406 490 440 543 ut
466 483 628 543 discedant.
675 483 724 543 alii
751 482 806 544 boc
835 481 902 562 plus
929 482 1091 563 relincunt,
1120 498 1207 559 quam
1236 480 1305 540 dixi.

163 598 196 650 nt
223 592 253 650 in
283 592 373 650 aratis
402 592 453 669 qui
476 589 589 650 iaciunt
612 588 762 650 restibiles
786 595 913 668 segetes²
941 587 1009 666 plus
1033 586 1140 648 tollunt
1164 587 1305 647 frumenti

163 716 199 758 ex
218 697 389 778 Intervallis
409 699 451 757 sic
471 699 501 757 in
521 696 601 777 alvis,
620 698 646 756 si
665 715 724 756 non
744 697 901 774 quotannis
921 697 1031 754 eximas
1055 703 1105 755 aut
1128 712 1187 754 non
1211 711 1304 771 aeque

162 804 302 884 multum,
331 814 361 864 et
388 805 481 882 magis
505 803 552 862 his
575 802 713 864 adsiduas
736 802 844 863 habeas
867 821 937 882 apes
961 810 991 865 et
1013 803 1106 879 magis
1129 803 1305 861 fructuosas.

131 910 386 971 aeximendorum
418 912 551 971 larorum
584 912 713 990 primum
741 919 845 989 putant
873 928 938 970 esse
967 918 1084 987 tempus
1113 908 1300 986 vergiliarum
1313 910 1353 968 34

162 1025 277 1096 exortu,
301 1017 465 1078 secundum
486 1023 597 1076 aestate
616 1024 689 1096 acta,
713 1023 869 1094 antequam
888 1023 969 1075 totus
989 1017 1139 1075 exoriatur
1159 1023 1305 1094 arcturus

162 1125 284 1184 tertium
313 1132 381 1202 post
409 1123 599 1202 vergiliarum
627 1140 777 1203 occasum,
806 1130 835 1182 et
863 1124 917 1203 ita,
946 1124 971 1181 si
1000 1122 1125 1182 fecunda
1154 1121 1306 1203 11111111,

162 1237 196 1289 ut
225 1249 261 1289 ne
289 1229 356 1308 plns
385 1233 472 1291 tertia
496 1249 564 1309 pars
588 1232 734 1290 eximatur
757 1228 867 1311 mellis,
894 1228 1043 1307 reliquum
1067 1247 1102 1288 ex
1126 1229 1305 1289 hiematione

142 1335 356 1415 relinquatur.
416 1339 461 1397 sin
503 1336 585 1396 alvus
623 1354 681 1396 non
719 1337 758 1395 sit
792 1335 912 1417 fertilis,
955 1334 1112 1414 [nilsiquid
1152 1338 1306 1415 eximatur,

116 1459 144 1498 10
161 1446 309 1522 exemptio
339 1462 407 1504 cum
436 1450 482 1503 est
510 1446 618 1524 maior,
646 1461 743 1521 neque
772 1445 940 1503 universam
969 1462 1066 1521 neque
1090 1442 1184 1521 palam
1209 1443 1305 1502 lacere

162 1558 293 1632 oportet,
324 1569 359 1610 ne
388 1551 526 1611 deficiant
553 1552 692 1610 animum.
744 1550 801 1610 lavi
830 1552 880 1628 qui
908 1552 1092 1630 eximuntur,
1125 1552 1209 1628 siqua
1238 1567 1306 1629 pars

163 1656 239 1716 nihil
260 1641 349 1717 habel
373 1658 535 1719 anthabet
559 1659 744 1737 mennatum,
768 1656 887 1717 cultello
910 1659 1103 1734 praesicatur.
1148 1656 1354 1737 provideri-35

164 1762 234 1823 dum
254 1782 290 1823 ne
310 1764 490 1824 infirmiores
510 1782 525 1822 a
545 1763 756 1823 valentioribus
776 1764 994 1842 opprimantur:
1014 1782 1049 1823 eo
1069 1765 1147 1823 euim
1164 1765 1307 1824 minuitur

165 1869 288 1930 fruetus.
322 1872 422 1949 itaque
441 1869 641 1929 inbecilliores
661 1877 791 1931 secretas
810 1869 962 1930 subiciunt
981 1869 1037 1931 sub
1056 1869 1181 1930 alterum
1198 1888 1306 1949 regem.

127 1986 152 2027 1⁵
167 1994 239 2054 quae
259 1976 394 2038 crebrius
413 1979 491 2037 inter
511 1995 542 2036 se
562 1976 744 2057 pugnabunt,
767 1979 885 2055 aspergi
903 1995 953 2036 eas
972 1984 1090 2055 oportet
1108 1996 1182 2055 aqua
1203 1975 1307 2036 mulsa.

170 2099 224 2159 quo
251 2082 328 2144 lacto
358 2102 415 2144 non
445 2084 532 2144 modo
561 2083 708 2144 desistunt
736 2102 847 2164 pugna,
877 2084 928 2144 sed
953 2086 1041 2144 etiam
1066 2085 1252 2144 conferciunt
1276 2101 1307 2143 se

171 2185 319 2271 ingentes,
345 2209 380 2250 eo
404 2193 505 2272 magis,
529 2192 554 2250 si
577 2190 672 2251 mulso
697 2198 767 2251 sunt
790 2209 935 2271 aspersae,
959 2210 1017 2269 quo
1041 2198 1164 2270 propter
1187 2190 1308 2250 odorem

255 2405 267 2451 1
297 2397 356 2451 fore
384 2399 416 2450 ut
439 2396 585 2451 discedant
614 2397 668 2452 Vn
690 2397 761 2467 forte
786 2398 817 2451 ut
840 2399 1005 2467 discendant
1022 2400 1051 2454 A
1072 2399 1145 2454 forte
1167 2400 1200 2452 ut
1222 2364 1337 2452 disce-¹J

170 2478 234 2539 dant
251 2485 279 2538 B
360 2484 410 2540 alii
432 2487 485 2539 hoc
504 2485 567 2554 plus
593 2486 683 2541 Valii
702 2488 755 2541 hoc
774 2488 832 2541 eius
853 2489 912 2542 AB
993 2490 1132 2544 relincunt
1151 2487 1209 2541 PA
1228 2487 1310 2540 relin-

168 2576 255 2636 quunt
273 2576 321 2630 Bo
393 2581 409 2629 3
433 2592 467 2628 ex
489 2576 522 2629 r'n
539 2592 641 2630 rasura
659 2575 700 2629 A²
771 2579 921 2645 quotannis
940 2578 988 2633 Bo
1012 2578 1168 2647 quodannis
1188 2578 1216 2632 P
1236 2578 1310 2646 quod

159 2657 244 2724 (corr.
268 2666 337 2733 quot
355 2663 406 2732 Aa)
431 2663 461 2717 in
488 2663 568 2718 annis
587 2664 615 2718 A
638 2665 711 2733 quod
740 2666 830 2720 inanis
855 2685 881 2720 nr
971 2668 1072 2739 aeque]
1100 2683 1227 2736 quaeque
1253 2667 1311 2721 PB

148 2760 273 2820 quaque
300 2753 330 2807 A
358 2768 470 2821 quoque
497 2770 513 2805 o
613 2758 630 2805 4
653 2753 696 2806 his
721 2753 846 2807 assiduas
874 2756 971 2810 VAB.
1000 2757 1044 2810 his
1072 2759 1167 2811 deiecit
1196 2757 1311 2811 Ursinus

237 2843 369 2897 texortu
387 2842 531 2896 Iucundos
550 2852 677 2895 exortum
702 2841 791 2897 VAB
864 2845 1015 2897 1111111111
1035 2846 1063 2898 A
1135 2846 1257 2899 secunda
1275 2845 1326 2919 111,

122 2920 245 2983 aluos
268 2930 359 2985 PAB
387 2931 508 2985 secunda
537 2929 573 2983 eit
601 2929 680 2984 aluos
703 2947 719 2983 o
746 2931 885 2984 foecunda
910 2932 946 2985 111
971 2933 1051 2986 aluus
1076 2934 1222 2987 Iucundus
1267 2928 1310 3009 (⁸

110 3006 252 3072 tercia
270 3020 298 3074 A
370 3037 402 3074 ex
421 3019 591 3073 hiematione
605 3020 664 3071 AB
684 3036 717 3072 ex
736 3019 913 3089 hyematione
928 3022 957 3075 P
972 3024 1001 3075 et
1019 3020 1191 3090 hyemationi
1211 3038 1224 3074 o
1244 3022 1311 3117 ipe·

97 3102 284 3162 matiani
303 3109 449 3163 Iucundos
523 3113 538 3161 9
558 3107 617 3161 sine
636 3107 715 3161 alnus
734 3126 789 3162 non
808 3110 840 3163 fit
858 3108 959 3163 fertilis
978 3110 1070 3165 PAB
1087 3111 1146 3164 siue
1166 3111 1237 3164 aluis
1256 3127 1312 3177 non

87 3178 145 3238 fit
183 3193 351 3252 fertiliso
431 3197 582 3252 exsimatur
601 3196 628 3251 A
708 3205 739 3252 10
759 3197 898 3267 exemptio
923 3198 1094 3268 Vexempto
1113 3200 1173 3253 AB
1252 3182 1312 3252 urii·

82 3277 279 3340 uersum
302 3304 371 3342 corr.
392 3319 424 3326 -
445 3305 488 3342 am
508 3288 537 3340 B
605 3293 636 3341 11
657 3287 784 3341 defitient
803 3290 828 3341 A
898 3288 980 3342 ‘Fani
1000 3287 1049 3358 qui
1067 3288 1238 3355 eximuntur,
1258 3290 1311 3343 etc.

74 3351 133 3409 Ε
159 3377 346 3430 ueteribus
364 3377 443 3430 libris
457 3377 498 3429 itu
511 3377 616 3445 scripsi.
646 3377 916 3431 Animaduertendus
930 3379 1025 3431 nodus
1039 3379 1166 3446 loquendi
1180 3401 1186 3430 ε
1201 3372 1312 3432 num'r'u

71 3454 273 3519 ‘meu-sis
291 3471 387 3532 anteo,
412 3464 558 3519 Fauoruus
581 3466 630 3534 qui
652 3466 822 3531 minuuntur,
845 3472 891 3519 etc.
931 3466 990 3535 Quo
1015 3472 1104 3521 autern
1122 3469 1195 3520 ratio
1214 3468 1312 3521 ueteris

66 3539 320 3624 {criptum
343 3554 526 3622 intellipatur,
550 3558 634 3607 totum
657 3555 756 3620 locum,
781 3559 812 3606 ut
834 3555 865 3606 in
887 3555 989 3622 optino
1013 3556 1162 3623 exemplari
1179 3555 1313 3623 scriptun

66 3628 277 3711 munci,
302 3642 347 3695 ln'c
374 3643 524 3711 adponens,
553 3643 623 3696 Fani
647 3641 695 3711 qui
718 3641 884 3696 eximuntur.
927 3642 1014 3709 Siqua
1037 3661 1109 3713 pars
1123 3643 1194 3698 nihil
1217 3643 1312 3711 babet,

67 3715 171 3804 ³¹,st
213 3710 323 3787 Hebes
339 3729 510 3795 incenatum,
530 3731 645 3785 cultello
657 3730 846 3800 praesidatur’
869 3730 1006 3786 Victorius
1080 3739 1112 3786 12
1131 3734 1224 3788 necbil
1243 3749 1312 3788 corr.

68 3801 258 3901 nlffhil
280 3819 306 3872 A
380 3823 429 3874 ant
456 3819 543 3873 habet
569 3821 782 3889 superscriptum
809 3821 841 3873 a'n
863 3819 891 3873 A
968 3821 1129 3876 incunatum
1154 3822 1245 3877 PAB
1272 3824 1313 3877 in·

73 3892 348 3973 {inmaturae
413 3908 539 3961 culltello
559 3911 585 3962 A
649 3908 821 3977 praesioatur
841 3909 932 3963 PAB
950 3913 1162 3979 praesecaturo
1227 3916 1259 3965 13
1279 3929 1313 3964 ne

75 3974 334 4051 ulfil'mioi‘os
356 3996 382 4050 V
397 4015 431 4051 ne
451 3996 586 4051 firmiores
605 3998 666 4052 AB
733 4004 765 4050 14
783 3996 973 4052 inbecilliores
992 3998 1019 4051 A
1038 3998 1235 4051 imbecilliores
1258 3999 1313 4052 VB

183 4082 375 4139 subiiciunt
394 4086 420 4137 V
470 4102 584 4154 gregem
603 4102 672 4141 corr.
691 4102 786 4154 regern
800 4087 827 4138 B
883 4091 916 4139 15
935 4086 1048 4154 aspargi
1064 4087 1154 4139 PAR
1172 4087 1313 4154 aspergis

184 4167 218 4215 1
227 4174 261 4223 6
273 4189 326 4228 non
336 4172 420 4228 modo
436 4173 574 4227 desistunt
583 4175 611 4228 B
624 4191 679 4229 non
693 4174 776 4229 modo
791 4173 849 4228 desi
864 4174 1010 4238 desistunt,
1024 4174 1070 4228 sed
1079 4170 1143 4227 'desi
1159 4175 1272 4228 deletura
1287 4175 1313 4228 A

89 4230 193 4297 ¹5⁰³
253 4264 336 4317 modo
364 4280 419 4316 non
448 4262 587 4317 desistunt
614 4264 640 4317 V
714 4264 883 4318 confertiunt
907 4262 934 4317 A
1010 4279 1039 4317 se
1068 4263 1207 4332 lingentes
1234 4280 1251 4318 o
1274 4280 1314 4318 se-

91 4316 290 4404 ligeum
307 4352 399 4407 PAR
417 4368 484 4406 corr.
506 4351 656 4421 religentes
675 4351 715 4407 Α1
733 4353 902 4422 solingentes
921 4370 947 4405 rn
1020 4358 1052 4407 17
1072 4369 1204 4422 aspersae
1222 4353 1315 4408 PAB

100 4423 300 4494 aspersae
317 4457 333 4495 r
