3000 5026
133 107 200 171 206
624 103 813 159 sinuosus

133 291 239 352 greges
262 272 400 333 ridentur
427 271 602 351 conplures3
626 273 658 330 in
681 271 873 330 Samothrace
895 287 1066 350 caprarum,
1092 288 1169 350 quas
1190 270 1278 333 latine
1409 230 1413 287 i

133 389 216 440 rotas
233 379 389 459 appellant
430 387 501 438 sunt
524 379 603 438 enim
621 380 653 437 in
671 377 753 437 ltalia
772 380 886 438 circum
905 375 1065 437 Hscellum
1083 384 1116 438 et
1131 376 1280 439 Tetricam

133 495 252 547 montes
280 485 397 548 multae.
443 486 480 545 de
508 485 602 544 subus
629 487 740 544 nemini
767 487 915 564 Quotam,
942 485 1002 544 uisi
1028 485 1083 563 qui
1108 503 1200 564 apros
1220 503 1280 545 nnn

136 601 221 673 putat
259 611 328 653 sues
366 594 473 652 uocari.
528 591 620 651 bores
652 592 763 670 perieri
795 595 885 652 etiam
917 609 997 651 nune
1028 598 1101 650 sunt
1131 591 1220 652 multi
1248 592 1280 651 in

135 700 297 761 Dardanica
325 709 356 760 et
378 699 491 759 Medica
518 698 710 777 atlanticis,
736 701 813 758 asini
836 699 893 758 feri
914 700 945 757 iu
968 697 1096 778 Phrygia
1118 707 1151 759 et
1172 698 1281 778 Lycao
1304 711 1317 751 ⁶
1375 730 1409 769 .-

135 810 197 882 nia‚
219 809 290 886 equi
313 806 369 867 feri
392 807 423 865 in
447 805 588 883 Hispania
611 807 751 865 citeriore
773 805 947 884 regionibns
968 804 1091 884 aliquot.

109 921 128 978 6
227 913 331 994 Origo,
355 932 443 991 quam
466 913 540 991 dixi3
567 912 708 991 dignitas,
731 929 819 990 qnam
842 911 948 972 dicam
991 911 1030 972 de
1051 913 1186 992 antiquis
1206 911 1281 972 inlu

135 1022 301 1080 strissimus
332 1023 459 1098 quisquc
487 1027 589 1098 pastor
616 1028 693 1098 erat,
725 1027 759 1078 nt
785 1019 917 1078 ostendit
943 1027 973 1078 et
1000 1037 1107 1097 graeca
1133 1026 1166 1078 et
1191 1017 1280 1078 latina

135 1127 236 1205 lingua
262 1136 292 1187 et
319 1136 435 1187 ueteres
458 1135 578 1205 poetae,
605 1128 658 1204 qui
681 1126 754 1185 alios
777 1134 884 1186 uocant
906 1125 1075 1208 palpamus,
1104 1125 1179 1185 alios
1201 1123 1280 1204 palp-

135 1232 243 1313 melos‚
271 1234 344 1293 alios
372 1232 537 1311 polybutas.
583 1231 689 1310 [quod]
718 1234 797 1310 ipsas
823 1232 956 1310 pecudes
981 1243 1106 1311 propter
1127 1234 1279 1292 cariutem
1292 1245 1331 1286 t
1382 1269 1413 1309 Ι

135 1359 241 1400 aureas
268 1339 408 1400 hahuisse
437 1339 530 1418 pelles
557 1338 758 1419 tradiderunt,
786 1348 819 1399 nt
840 1340 941 1418 Argis,
969 1340 1079 1400 Atreus
1107 1357 1198 1418 mam
1223 1337 1281 1398 sibi
1357 1355 1413 1413 1⁴

134 1447 284 1526 Thyesten
322 1447 456 1507 subdare
493 1449 643 1526 queritar3
679 1455 714 1506 ut
749 1447 781 1504 in
817 1445 956 1506 Colchide
994 1449 1039 1507 ad
1066 1446 1205 1524 Aeetam,
1244 1443 1280 1504 ad
1342 1456 1413 1520 ι,

135 1556 222 1614 cuias
249 1556 350 1614 arietis
379 1553 485 1632 pellem
513 1553 640 1632 proiecti
668 1554 751 1631 regio
778 1570 886 1630 genere
915 1554 1058 1614 dicuntur
1079 1553 1280 1632 Argonautae3
1322 1580 1360 1639 ἓ
1375 1587 1413 1629 ε

136 1669 170 1720 ut
196 1662 228 1719 in
251 1659 342 1740 Libya
370 1661 406 1720 ad
429 1659 621 1740 Hesperidas,
647 1658 727 1720 unde
754 1677 844 1719 aurea
863 1630 961 1735 xmeclay
987 1661 1017 1720 id
1045 1667 1092 1720 est
1116 1658 1279 1720 secundum
1307 1683 1413 1734 Q

207 1927 224 1975 ὅ
243 1920 313 1977 asini
331 1921 384 1976 feri
403 1921 433 1976 in
450 1920 576 1991 Phrygia
595 1921 637 1975 II
652 1926 677 1990 6,
696 1924 722 1975 3.
751 1920 829 1976 Ptin.
846 1924 875 1988 8,
893 1926 949 1976 175

209 2176 223 2222 1
257 2168 404 2239 conplures
432 2170 460 2224 A
487 2170 643 2238 complures
676 2168 733 2222 VB
822 2185 890 2237 quas
916 2167 1108 2239 platycerotas
1135 2166 1413 2239 appellamus

138 2259 300 2312 Pclssscriae
313 2260 390 2326 apud
407 2259 563 2313 Taraciam
582 2260 644 2312 ado.
663 2263 690 2324 4,
708 2264 727 2311 6
799 2265 815 2312 2
835 2260 900 2312 sunt
917 2257 1004 2312 etiam
1021 2257 1052 2311 in
1069 2255 1156 2312 Italia
1174 2258 1413 2312 Isaac-⁸¹⁸-

135 2348 188 2400 das
293 2346 430 2401 fiscellam
462 2347 517 2401 VB
544 2346 669 2400 fiscelum
696 2348 724 2400 A
751 2347 886 2401 fiscalium
912 2363 940 2400 m
966 2346 1120 2402 Iucundos.
1161 2344 1410 2400 ‘iliacum

136 2434 286 2489 Fiscellum
309 2437 339 2490 et
359 2435 497 2490 Tetricam
520 2437 638 2489 montes.
674 2435 766 2490 Antea
787 2437 819 2490 in
840 2437 949 2490 cacans
969 2437 1093 2490 mendose
1110 2433 1260 2490 Fiacds'am
1337 2465 1371 2478 -

136 2529 251 2578 aeteram
264 2526 351 2593 ipitar
369 2525 536 2594 scripturam
550 2527 661 2594 reposui
675 2567 681 2578 .
694 2542 760 2579 nam
774 2526 805 2578 ia
818 2527 866 2580 illo
879 2527 961 2580 diam
975 2526 1032 2580 loco
1044 2526 1128 2580 tasas
1139 2525 1234 2596 [Ha
1246 2523 1398 2595 3-‚8

136 2614 169 2666 in
189 2614 285 2667 iiadcro
307 2614 431 2682 antiquis
455 2614 535 2668 libris
551 2615 593 2668 ita
611 2615 721 2683 iacitur,
746 2615 787 2668 In
804 2615 936 2668 Sauracti
953 2613 1072 2670 Fiscello
1090 2630 1193 2684 caprae
1208 2615 1391 2682 fert-t:

135 2703 211 2757 samt’
231 2702 369 2758 Victorius
417 2702 534 2757 acubus
550 2702 642 2757 PAB
656 2709 681 2758 et
695 2704 798 2758 codices
816 2703 933 2758 Victorii
947 2703 1011 2758 adst
1026 2703 1107 2771 138,
1119 2706 1142 2758 2
1155 2701 1253 2758 smlsas

207 2795 325 2861 4putat
338 2793 399 2846 AB
419 2792 557 2847 Victorias
570 2794 673 2861 putant
691 2793 746 2847 Vm
799 2790 916 2862 perferri
930 2793 958 2844 A
1011 2791 1042 2846 in
1055 2791 1211 2847 dardanios
1222 2790 1340 2847 Αἱ.-
1370 2831 1374 2835 -

136 2916 166 2969 in
184 2916 319 2970 ardania
341 2917 368 2971 V
437 2914 583 2971 smedica
603 2916 694 2969 PAR
712 2916 835 2971 menav
906 2893 1014 2987 patgn
1031 2915 1060 2971 A
1138 2912 1369 2987 Lycaon?

138 3006 252 3059 Plinius
270 3005 360 3074 VIII,
376 3009 438 3074 175,
453 3005 572 3059 chaonia
589 3003 742 3059 Venonica
755 3006 783 3059 A
797 3006 895 3060 caonia
908 3006 937 3059 Β
991 3013 1006 3060 6
1021 3005 1048 3061 f.
1064 3005 1105 3060 eri
1117 3023 1178 3061 ana
1191 3007 1362 3061 litter-

132 3098 196 3162 post
214 3093 229 3146 f
243 3095 330 3148 deleta
344 3096 370 3148 A
435 3094 464 3147 in
483 3093 614 3163 hispania
630 3110 678 3147 mo
696 3093 727 3146 in
745 3093 890 3162 hispaniae
906 3094 965 3147 PB
978 3093 1106 3162 inspanie
1120 3099 1153 3150 at
1165 3095 1356 3150 fidaei-

137 3199 205 3237 corr.
233 3182 341 3252 ispanio
369 3182 398 3235 A
470 3181 599 3238 citeriore
627 3182 717 3236 PAB
746 3184 883 3238 exteriore
916 3200 932 3237 o
1005 3182 1114 3252 aliquot
1148 3182 1204 3237 VB
1231 3177 1350 3238 αἱ]

155 3271 212 3325 uod
230 3273 257 3325 A

136 3288 154 3339 q
223 3366 237 3413 7
262 3358 341 3428 origo
365 3373 448 3443 qnam
467 3374 551 3426 quam
570 3359 629 3414 dixi
646 3360 674 3413 Β
759 3359 883 3430 dignitas
903 3376 987 3430 quam
1006 3361 1110 3432 dicam]
1131 3360 1173 3416 De
1191 3361 1336 3433 dign:

137 3469 195 3519 tate
215 3466 246 3518 ia
263 3466 387 3533 maraine
400 3466 513 3519 raiaco
526 3465 554 3518 A
626 3467 716 3522 dicam
728 3469 877 3536 posteriorc
891 3470 948 3523 loco
967 3468 1070 3523 VA'm
1082 3467 1139 3522 dixi
1156 3469 1161 3538 Ι
1177 3485 1239 3524 cam

137 3552 257 3606 dixieam
275 3553 303 3606 B
375 3553 513 3622 antiquiss
530 3554 558 3608 Β
625 3554 840 3610 inlustrissimus
858 3556 886 3610 A
910 3556 1115 3611 illustrissimus
1140 3556 1196 3611 VB

137 3641 250 3712 macca]
265 3659 353 3712 grego
367 3642 395 3696 A
440 3643 627 3713 slingnaom.
643 3647 679 3712 B,
694 3647 758 3700 add.
779 3645 835 3698 VA
880 3646 1029 3714 polyarnas
1043 3641 1306 3715 Vpolyrnasfl-

209 3737 242 3785 10
261 3731 335 3799 quod
348 3731 424 3801 ipsas
440 3732 531 3786 PAB
546 3733 594 3800 qui
611 3733 685 3802 ipsas
699 3751 716 3788 o
730 3732 798 3802 quin
811 3732 886 3803 ipsas
903 3734 1038 3790 (lamas
1093 3740 1126 3788 11
1145 3751 1231 3789 aure.
1302 3747 1309 3777 ²

135 3872 194 3911 aaa
221 3857 314 3912 littera
337 3864 401 3927 poet
431 3875 446 3912 e
473 3859 560 3913 deleta
586 3858 615 3911 A
685 3857 789 3913 Atreus
818 3857 873 3912 Vm
900 3876 997 3914 aereus
1020 3860 1048 3914 B
1076 3835 1158 3915 grene
1181 3859 1209 3913 A

137 3951 170 3999 12
189 3945 318 4015 thyesten
332 3948 392 4000 AB
411 3947 544 4002 Thicsten
559 3949 587 4000 P
599 3947 772 4002 Thiestsmo
827 3948 950 4002 subdare
966 3950 1057 4004 PAB
1076 3949 1287 4003 subduxisse

138 4032 187 4086 ‘Io
210 4036 332 4102 antiquis
355 4037 435 4090 libris
458 4038 601 4090 immtaato
620 4037 702 4090 aerbo
722 4037 866 4103 Subduxe,
890 4039 999 4106 lepitur’
1031 4038 1171 4093 Victorias

137 4122 267 4191 Aeetam]
288 4125 381 4176 actam
399 4124 461 4178 AB
480 4128 571 4180 aetam
590 4123 614 4179 c'
634 4128 733 4179 soctan
754 4126 782 4177 P
800 4125 871 4180 Oeta
888 4143 904 4180 o
923 4127 1012 4182 Aeeta
1035 4127 1174 4182 Victorius

136 4207 213 4276 libya
230 4226 246 4262 o
265 4209 337 4265 libro
357 4213 446 4266 PAB
