3000 5026
168 345 233 410 252
660 343 846 398 Vesaeuus
904 333 912 346 '

167 531 231 573 rem
254 521 304 573 aut
327 531 457 593 cervum,
481 512 561 590 quod
585 530 653 572 eum
676 513 776 590 potius
799 528 887 588 quam
911 529 980 570 oves
1002 518 1175 589 sequentur.
1221 529 1317 589 quare

166 637 182 679 a
210 618 379 699 pastoribus
407 628 506 698 empta
533 617 652 697 melior,
679 635 755 695 quae
779 635 849 676 oves
872 620 958 695 sequi
977 619 1145 698 consucvit,
1175 626 1226 678 aut
1251 619 1317 678 siue

166 725 225 786 ulla
249 725 465 786 consuetudine
489 744 564 804 quae
584 725 681 784 luerit.
728 725 810 783 canis
830 725 909 784 enim
929 724 1045 784 facilius
1063 725 1134 802 quid
1153 724 1316 804 adsuescit,

166 851 259 912 eaque
288 832 473 893 consuetudo
501 832 628 908 firmior,
656 848 731 909 quae
760 832 800 889 sit
826 829 862 890 ad
887 840 1036 911 pastores,
1065 848 1153 909 quam
1178 849 1256 909 quae
1279 830 1317 891 ad

141 939 308 1019 bpecudes.
359 938 483 998 Publius
515 937 649 998 Aufidius
681 937 843 997 Pontianus
870 937 1074 999 Amiterninus
1106 956 1175 998 cum
1207 956 1316 1016 greges
1344 961 1355 1001 a

165 1049 264 1106 ovium
293 1049 414 1106 emisset
442 1047 472 1105 in
497 1043 614 1104 Vmbria
643 1043 759 1124 ultima,
788 1043 897 1122 quibus
924 1044 1065 1123 gregibus
1094 1047 1159 1105 sine
1187 1046 1315 1124 pastori·

166 1152 222 1214 bus
249 1171 338 1213 canes
365 1153 575 1232 accessissent,
603 1162 737 1230 pastores
768 1158 800 1210 nt
827 1150 1012 1212 deducerent
1039 1154 1070 1212 in
1093 1151 1316 1230 Metapontinos

165 1260 258 1321 saltus
285 1269 315 1320 et
339 1259 496 1320 Heracleae
526 1260 705 1337 emporium,
739 1257 808 1318 inde
839 1276 907 1318 cum
935 1258 1054 1319 domum
1083 1260 1235 1319 redissent
1263 1261 1316 1337 qui

164 1366 200 1427 ad
225 1367 322 1427 locum
346 1366 538 1446 deduxerant,
561 1384 577 1425 e
602 1364 750 1425 desiderio
774 1364 927 1425 bominum
951 1365 1058 1426 diebus
1080 1367 1185 1444 paucis
1209 1374 1315 1444 postea

165 1493 254 1535 canes
282 1493 334 1534 sua
359 1481 478 1553 sponte,
506 1490 574 1532 cum
598 1471 713 1531 dierum
739 1471 900 1532 multorum
924 1475 968 1532 via
992 1474 1165 1552 interesset,
1194 1473 1256 1533 sibi
1278 1491 1353 1534 cxxc

166 1583 247 1660 agris
266 1581 376 1641 cibaria
395 1579 598 1657 praebuerunt
617 1587 704 1655 atque
724 1579 754 1637 in
772 1577 919 1638 Vmbriam
939 1579 974 1638 ad
994 1587 1132 1658 pastores
1149 1580 1314 1641 redierunt

166 1704 262 1765 neque
297 1705 401 1746 eorum
434 1687 590 1764 quisquam
624 1685 748 1765 lecerat,
781 1686 860 1763 quod
889 1688 920 1745 in
947 1689 1010 1764 agri
1039 1686 1156 1747 cultura
1185 1687 1314 1749 Saserna

168 1795 328 1883 praecepit,
351 1794 404 1892 qui
427 1792 513 1883 pallet
538 1810 569 1852 se
586 1810 610 1888 a
633 1810 705 1882 cane
730 1795 847 1879 sectari,
871 1795 916 1876 uti
939 1811 1039 1878 ranam
1059 1793 1170 1883 obiciat
1188 1805 1312 1881 metam

165 1900 264 1978 magni
286 1901 411 1960 interest
430 1919 466 1959 ex
486 1902 597 1960 semine
617 1917 683 1958 esse
703 1917 792 1958 canes
811 1900 924 1978 eodem,
944 1900 1026 1978 quod
1047 1904 1166 1978 cognati
1185 1904 1312 1962 maxime
1335 1958 1341 1970 ‚

139 2007 247 2069 iinter
267 2024 298 2066 se
318 2015 388 2067 sunt
402 1985 559 2085 praesidio.
596 2007 732 2084 sequitur
747 2017 884 2084 quartum
900 2007 936 2067 de
951 2008 1113 2084 emptione:
1132 2008 1166 2068 lit
1179 2008 1312 2087 alterius,
1325 2021 1355 2062 1⁵·

163 2132 231 2175 cum
262 2132 276 2172 a
300 2115 400 2192 priore
425 2113 543 2173 domino
568 2113 698 2173 secundo
722 2113 849 2173 traditus
874 2122 927 2174 est.
974 2114 1010 2174 de
1035 2115 1159 2175 sanitate
1182 2123 1216 2175 et
1239 2133 1312 2175 noxa

164 2220 369 2299 stipulationes
393 2221 468 2280 liunt
491 2219 621 2299 eaedem,
646 2222 774 2297 quaein
798 2238 915 2300 pecore,
940 2220 998 2279 nisi
1021 2221 1100 2298 quod
1124 2221 1173 2282 hic
1197 2222 1312 2283 utiliter

167 2336 322 2405 exceptum
348 2335 401 2386 est.
446 2326 496 2386 alii
519 2328 648 2405 pretium
673 2327 784 2387 iaciunt
808 2329 837 2385 in
862 2326 977 2405 singula
1001 2329 1095 2406 capita
1120 2305 1239 2410 cauum,
1264 2328 1311 2388 alii

163 2441 196 2494 ut
215 2433 304 2494 catuli
323 2441 487 2511 sequantur
501 2440 635 2512 matrem,
656 2432 704 2491 alii
719 2442 752 2493 ut
767 2433 831 2494 bini
846 2433 936 2494 catuli
951 2435 1039 2494 unius
1054 2436 1136 2495 canis
1151 2453 1308 2495 numerum

162 2541 323 2621 obtineant,
344 2548 377 2600 ut
396 2539 492 2600 solent
511 2539 575 2599 bini
592 2541 661 2617 agni
680 2541 754 2620 ovis,
774 2541 908 2620 plerique
928 2550 961 2601 ut
980 2542 1121 2602 accedant
1140 2560 1239 2622 canes,
1259 2543 1308 2620 qui
1321 2555 1341 2594 ι·

162 2655 346 2710 consuerunt
369 2665 434 2707 esse
458 2665 525 2707 uua.

251 2790 265 2838 1
295 2782 419 2853 cervum]
445 2798 538 2836 cerum
560 2783 588 2834 A
677 2800 763 2853 quare
786 2785 835 2839 aut
857 2785 1016 2853 pastoribus
1035 2785 1094 2839 PA
1116 2802 1204 2854 quara
1226 2787 1309 2841 aute
1349 2826 1355 2842 .

161 2874 320 2944 pastoribus
340 2874 388 2928 Bo
461 2878 477 2926 3
501 2872 637 2928 assuescit
659 2890 746 2942 eaque
771 2875 828 2928 VB
846 2873 986 2928 adsuescit
1004 2891 1059 2943 quo
1078 2891 1166 2943 eaque
1186 2873 1215 2928 A
1233 2891 1306 2930 assu·
1344 2910 1355 2919 -

160 2963 231 3018 escit
258 2979 313 3032 quo
341 2979 375 3016 ea
397 2979 423 3015 m
513 2967 531 3014 4
559 2978 631 3030 quae
659 2962 707 3032 sit]
732 2962 853 3030 quiescit
869 2965 897 3017 A
991 2969 1008 3017 t
1036 2962 1168 3033 autfidius
1192 2966 1220 3018 A

160 3059 176 3106 6
205 3052 299 3107 ouium
322 3069 373 3107 cm.
392 3052 419 3106 Β
510 3057 524 3105 7
549 3053 677 3120 pastores
701 3052 850 3120 (pasturib;
874 3069 942 3107 corr.
966 3055 1092 3122 pastores
1111 3053 1150 3121 A)
1173 3055 1207 3108 ut
1223 3053 1355 3108 dedu·—

159 3143 223 3194 rent
241 3141 421 3209 (deducerent
435 3141 473 3208 B)
493 3139 522 3194 in
542 3137 728 3208 metampinos
748 3141 836 3194 saltus
856 3143 885 3195 et
902 3142 1057 3211 traclepore
1072 3142 1162 3196 PAB
1181 3144 1355 3213 passaran

160 3232 192 3283 ut
228 3230 401 3284 deduxerunt
437 3229 467 3283 in
500 3227 707 3299 metapontinos
741 3230 829 3283 saltus
862 3232 892 3284 et
922 3231 1069 3286 heracleae
1102 3232 1261 3302 emporium
1291 3249 1355 3289 tt!

165 3317 303 3372 ‘Pastores
322 3322 353 3372 ut
367 3319 536 3373 deducerent
550 3317 580 3370 in
595 3317 800 3386 metapontinos
816 3318 913 3385 saltus,
934 3322 963 3374 et
976 3319 1130 3376 Heracleae
1143 3323 1298 3393 emporium
1318 3341 1355 3375 ι

163 3406 250 3462 Hauc
273 3409 360 3462 locant
383 3409 415 3462 ia
437 3409 543 3462 cunctis
565 3409 779 3476 manuscriptis
796 3425 937 3476 mancum,
962 3411 1183 3482 temptatumque
1201 3414 1355 3481 iuueni-‘s

159 3514 208 3551 nec
222 3502 312 3552 tamea
326 3514 491 3552 commouent
508 3499 646 3552 lectionem
659 3498 782 3553 aeriani.
826 3498 964 3552 Vatusium
976 3500 1022 3556 bic
1030 3517 1195 3570 proponam,
1210 3533 1244 3542 -
1258 3503 1355 3557 Pas-1

160 3587 247 3641 stores
266 3589 298 3640 ut
317 3586 453 3640 dedurent
471 3586 500 3639 in
519 3586 705 3656 metampinos
726 3587 825 3654 saltus,
845 3591 874 3640 et
891 3588 1050 3657 traelepore
1066 3630 1073 3642 .
1087 3591 1154 3645 inde
1170 3608 1234 3646 cum
1254 3594 1355 3646 ete:

160 3677 200 3728 Ia
214 3676 315 3744 optimo
328 3676 418 3730 codice
431 3676 523 3729 mendi
535 3680 602 3728 uota
616 3677 743 3744 adposita
758 3676 806 3730 est’
824 3676 962 3731 Victorius
1008 3683 1024 3731 8
1039 3677 1087 3747 qui
1096 3679 1133 3733 ad
1142 3678 1240 3735 locum
1254 3680 1355 3734 ΥΒ

159 3762 227 3831 quid
241 3763 389 3817 alocumA
403 3762 470 3832 quid
486 3764 521 3816 ad
535 3762 627 3818 locum
640 3765 669 3818 Β
722 3765 784 3819 the
798 3764 937 3820 desiderio
952 3766 978 3818 A
1034 3772 1069 3822 10
1082 3767 1131 3821 uia
1143 3770 1177 3823 iu
1185 3770 1355 3840 marpissa·

159 3853 292 3922 scriptum
310 3853 337 3906 Β
395 3853 545 3908 interesset
561 3871 578 3907 u
596 3854 731 3908 iuteresse
750 3853 840 3909 PAB
905 3860 938 3908 15
957 3855 1085 3924 sequitur
1103 3860 1238 3926 quartum
1255 3859 1355 3912 Iu

63 3977 65 3985 ι
159 3944 267 3997 cuades
294 3942 343 3997 sed
363 3941 438 4010 quod
463 3943 512 4012 (si
536 3943 611 4010 quod
637 3943 676 4010 A)
695 3960 813 4011 quarum
836 3942 932 3997 VAB.
972 3943 1102 4013 ‘Antiqui
1124 3947 1230 4002 codices
1252 3955 1355 4001 tut·

158 4033 245 4088 culosi
262 4053 271 4086 .·
289 4034 360 4088 nibil
387 4032 523 4087 uaricui.
539 4038 654 4086 ueterem
681 4037 771 4086 tornea
798 4032 843 4086 bic
869 4034 1037 4102 scripturam
1064 4036 1207 4104 adponam
1226 4057 1235 4090 :
1253 4036 1355 4090 Se-

158 4122 232 4189 quod
256 4140 386 4191 quarum,
410 4123 445 4177 de
464 4121 606 4190 emptione
626 4120 657 4172 fit
675 4119 803 4188 alterius,
829 4137 892 4174 cum
910 4138 928 4174 a
945 4120 1038 4191 priore
1057 4123 1122 4176 etc!
1167 4124 1355 4182 Victoria-

203 4217 236 4263 16
251 4209 385 4264 traditum
396 4211 440 4264 est
454 4210 505 4263 VA
516 4208 636 4264 reditum
647 4210 690 4263 est
698 4208 726 4261 B
774 4214 805 4263 17
817 4209 932 4263 eaedem
947 4210 1003 4263 VB
1013 4210 1111 4265 eadem
1120 4217 1153 4266 ut
1161 4208 1355 4270 videtsttss

157 4313 226 4352 corr.
247 4299 398 4352 eedemA²
417 4299 515 4354 eodem
534 4317 561 4352 m
632 4315 732 4366 pecore
746 4298 795 4353 Bo
812 4315 914 4368 pacare
927 4299 986 4354 PA
1056 4299 1141 4355 alitor
1156 4305 1355 4373 exceptu&

158 4389 201 4439 est
224 4387 341 4440 Ursinus
402 4392 434 4441 18
453 4387 578 4457 precium
601 4387 656 4441 VA
714 4386 819 4441 fatiunt
837 4390 863 4440 A
924 4387 1018 4458 capita
1035 4392 1251 4460 superscriptum
1266 4402 1355 4444 aar·

158 4475 226 4530 iuA
266 4474 961 4546 19catuliposteriorelocosuperscraptumestiuA
998 4474 1355 4534 ioouisvouesPAL
