3000 5026
228 340 270 410 92
720 336 873 394 caronis

229 510 337 587 corint,
362 526 464 567 omnes
488 509 605 566 iurante
629 505 738 566 autad
764 505 914 566 dominum
939 512 990 565 aut
1013 504 1048 564 ad
1068 506 1224 566 custodem
1246 524 1314 567 sese
1336 506 1371 566 de

229 615 319 674 suedo
343 614 374 674 t,
394 613 482 673 Manli
505 631 602 693 neque
622 612 711 678 atium
727 629 906 692 quemquam
921 630 974 671 sue
990 611 1056 672 dolo
1072 613 1147 672 male
1163 613 1262 674 eleum
1276 631 1371 692 neque

190 726 208 780 3
230 720 323 780 oleam
347 720 541 800 subripuisse.
580 722 631 800 qui
655 738 758 780 eorum
782 737 840 779 nen
865 721 905 778 ita
929 720 1086 799 iuraverit,
1116 738 1191 797 quae
1215 721 1282 781 eins
1304 738 1371 799 pars

228 829 297 906 erit,
321 846 408 888 omne
432 808 597 890 deducetur
622 846 717 906 neque
747 826 913 886 debebitur.
956 827 1070 886 socium
1100 844 1228 906 nequem
1256 825 1372 908 habete,

227 936 285 994 nisi
309 953 397 1013 quern
421 934 558 995 dominus
582 936 705 996 iusserit
728 941 779 994 aut
802 940 912 995 eustos
950 934 1048 1012 siquid
1068 934 1268 1013 redemptoris
1282 953 1370 1014 opera

228 1041 346 1101 domino
371 1041 470 1102 damni
490 1042 589 1102 datum
610 1044 682 1122 erit,
707 1043 762 1101 riri
781 1040 851 1100 boui
866 1039 1012 1100 arbitratu
1027 1040 1200 1101 deducetur.
1238 1043 1265 1100 si
1280 1041 1372 1101 viride
1444 1074 1481 1114 ξ

228 1147 325 1208 eleum
350 1168 424 1227 epus
448 1152 519 1229 siet,
544 1149 640 1210 facite.
678 1148 799 1209 accedet
822 1146 919 1208 eleum
944 1155 973 1207 et
997 1146 1057 1207 sale
1081 1166 1152 1208 suae
1176 1149 1275 1208 usioni
1294 1148 1372 1227 qued
1420 1158 1482 1220 fl

228 1257 300 1315 satis
325 1258 394 1335 siet,
419 1258 565 1316 vasarium
588 1257 655 1315 vict.
676 1270 710 1314 11.

108 1363 208 1420 CXLVI
318 1362 418 1422 Oleanr
442 1363 620 1441 pendentem
644 1363 699 1422 hae
723 1361 786 1440 lege
810 1363 911 1421 venire
935 1347 1060 1440 eportet.
1099 1360 1161 1421 elea
1184 1362 1320 1440 pendens
1342 1365 1484 1432 iun

228 1469 318 1529 tunde
342 1469 467 1529 Venaire
493 1468 611 1529 vertibit.
656 1471 708 1548 qui
732 1468 825 1529 oleam
854 1471 972 1548 emerit,
1003 1468 1128 1547 amplius
1157 1486 1246 1548 quam
1271 1471 1483 1548 quautiffai

227 1577 333 1635 emerit.
362 1578 457 1635 omnis
486 1577 629 1654 pecuniae
659 1577 821 1636 centesima
850 1576 983 1656 accedet,
1011 1579 1204 1654 praeconium
1232 1594 1429 1655 praesepe
1445 1603 1483 1645 ,s

228 1731 272 1778 ss.
293 1733 315 1777 u
335 1727 364 1778 et
393 1718 450 1778 elei
479 1720 622 1778 romanici
640 1735 668 1779 r.
688 1737 727 1778 ee
742 1734 780 1800 n,
804 1718 907 1778 viridis
927 1734 956 1779 P.
977 1732 1030 1799 ee,
1054 1718 1135 1778 oleae
1159 1719 1289 1781 caducae
1303 1689 1329 1781 A
1342 1706 1485 1808 ud,

229 1838 379 1921 strictione
398 1832 475 1940 bx,
500 1861 597 1921 medie
623 1861 732 1921 eiearie
756 1880 893 1921 mensum
916 1861 997 1940 date,
1026 1863 1167 1938 unguinis
1190 1876 1221 1923 P.
1239 1878 1276 1943 x,
1300 1882 1477 1942 peu-11-

188 1966 206 2020 2
227 1967 349 2028 deribus
364 1968 529 2047 mediisque
545 1969 657 2028 demini
676 1968 745 2029 dato
764 1965 787 2047 †
807 1970 845 2028 iri
868 1970 914 2047 pri
933 1969 1045 2045 primae
1065 1967 1180 2028 cotulas
1203 1969 1286 2031 duas.
1309 1957 1362 2031 die:
1382 1993 1474 2037 ες

226 2085 349 2153 argente
374 2096 409 2137 ex
433 2075 467 2136 K.
486 2075 556 2136 Nev.
581 2082 717 2137 mensum
741 2090 764 2134 x
787 2074 868 2134 oieae
892 2073 1033 2152 legendae
1057 2074 1208 2140 faciendae
1233 2077 1488 2156 quaedem-1

226 2192 289 2243 eata
314 2192 372 2264 est,
397 2192 426 2243 et
450 2186 475 2243 si
495 2193 610 2262 emptor
625 2183 742 2262 locarit,
765 2181 865 2241 idibus
881 2179 994 2241 solvite.
1033 2189 1114 2242 reete
1128 2182 1202 2244 baec
1216 2184 1282 2245 dari
1296 2185 1396 2246 fier?
1410 2189 1464 2248 -i-

226 2309 284 2368 que
313 2292 444 2369 satisque
473 2290 538 2349 dari
566 2290 698 2369 demine,
727 2295 778 2348 ant
806 2289 855 2347 cui
883 2289 1018 2366 iusserit,
1046 2290 1211 2366 promittite
1241 2292 1458 2371 satisqu-re

228 2396 295 2455 dato
319 2396 464 2456 arbitratu
489 2396 609 2456 demini.
647 2396 785 2455 donicum
810 2394 940 2454 solutum
964 2396 1021 2454 erit
1044 2396 1159 2455 aut'ita
1183 2397 1256 2457 satis
1272 2397 1450 2460 datur-u

226 2505 296 2582 erit,
321 2504 450 2581 quaein
474 2502 565 2563 tunde
590 2502 679 2562 inlata
698 2509 801 2581 erunt,
824 2503 942 2580 pigneri
956 2511 1053 2561 sumo.
1092 2503 1201 2580 nequid
1216 2521 1322 2565 eorum
1334 2503 1444 2565 (Εε

188 2609 318 2670 3iunde
343 2608 506 2687 deportato.
548 2609 645 2688 siquid
670 2609 882 2687 deportaverit,
907 2608 1018 2668 demini
1041 2616 1113 2669 este,
1154 2628 1225 2688 rasa
1249 2610 1345 2673 tereui
1401 2618 1474 2690 aii

227 2719 327 2796 tunes,
356 2717 463 2797 seaias,
497 2724 641 2798 trapetes,
674 2716 772 2795 siquid
803 2724 833 2776 et
861 2715 933 2775 aliut
962 2715 1062 2776 datum
1091 2719 1161 2797 erit,
1190 2715 1269 2778 salva
1291 2723 1445 2781 recie

208 2824 357 2905 ¹reddito,
381 2825 439 2884 nisi
463 2842 537 2903 quae
563 2810 707 2884 uetustate
732 2824 823 2884 tracta
848 2829 945 2882 erunt.
982 2823 1006 2881 si
1027 2841 1084 2881 non
1105 2822 1224 2904 reddet,
1248 2843 1341 2904 aeque
1363 2839 1456 2882 jn

314 3067 460 3123 2manilii
480 3067 572 3122 PAR
596 3065 729 3120 Mentiie
819 3074 835 3120 3
855 3063 1027 3134 subripuisse
1046 3065 1114 3132 Acf
1135 3065 1303 3136 surripuisse
1326 3061 1426 3121 V
1441 3059 1470 3110 Ἰ)

279 3163 295 3209 4
315 3156 418 3211 setium
437 3158 463 3210 A
537 3164 552 3211 6
572 3154 662 3209 uiride
682 3154 773 3208 oleum
793 3172 809 3207 e
832 3155 910 3209 uirde
929 3155 1023 3208 eleum
1041 3154 1068 3206 A
1087 3153 1195 3208 uirdem
1214 3155 1308 3211 oleum
1327 3141 1478 3211 Pi

225 3296 303 3350 uir-de
321 3297 351 3350 in
370 3299 463 3352 eleum
483 3315 497 3353 e
516 3257 625 3351 uirbem
644 3296 659 3347 b
765 3301 780 3349 7
800 3295 906 3349 eisaie
927 3312 993 3350 susc
1014 3297 1118 3364 PAef
1131 3297 1160 3351 et
1178 3297 1253 3353 seule
1271 3315 1368 3354 suso
1466 3298 1478 3336 θ

225 3387 255 3438 eb
274 3386 315 3439 sai
335 3405 400 3440 suae
419 3405 444 3440 e.
463 3390 579 3454 fortusse
598 3385 627 3437 eb
645 3382 724 3438 eleae
744 3384 834 3438 salsae
1315 3396 1318 3401 ’

296 3477 362 3531 eli.
383 3476 453 3530 CLV
473 3477 529 3529 Lex
554 3474 632 3528 eleae
660 3473 808 3542 pendentis
828 3475 893 3528 AV
917 3474 946 3528 L.
971 3475 1049 3530 eleae
1077 3475 1225 3546 pendentis
1250 3479 1266 3532 b

225 3571 257 3618 12
274 3564 349 3619 est
369 3566 398 3619 eb
417 3564 510 3617 eleum
528 3562 619 3617 PAR
643 3561 713 3616 sut
734 3563 763 3617 et
781 3561 874 3617 eleum
893 3581 909 3618 e
983 3570 1016 3617 14
1037 3564 1166 3619 ‘Domini
1185 3565 1252 3621 date
1270 3566 1306 3621 iri
1319 3557 1475 3623 9¹3⁶·

224 3654 310 3707 Hune
334 3656 421 3707 iocum
439 3657 471 3705 ut
493 3653 525 3706 iu
544 3653 668 3706 eruuibue
687 3653 901 3721 manuscriptis
924 3655 1033 3719 e'eucue',
1059 3654 1101 3708 e‘tu
1123 3655 1199 3709 dedi:
1226 3662 1266 3711 ert
1284 3653 1473 3710 aetem

225 3743 370 3807 reeeisesto
388 3742 544 3806 mendosus,
569 3758 654 3810 quare
671 3747 764 3796 notam
782 3743 820 3796 ad
838 3759 897 3796 euru
917 3742 1049 3810 adposui'
1076 3743 1215 3798 Victorius
1305 3724 1469 3799 (la-4⁰

225 3829 323 3898 iri-pri
341 3829 431 3902 prime
453 3828 498 3884 Pe
517 3829 582 3884 aare
601 3829 636 3884 iri
655 3829 699 3899 pri
717 3829 806 3899 prime
826 3831 853 3885 A
872 3831 938 3885 auo
958 3831 993 3884 ra
1012 3831 1230 3900 primaevius
1249 3820 1464 3890 cauri*

225 3915 269 3986 pri
287 3935 375 3986 prune
393 3920 411 3984 f
425 3918 530 3974 deteris
548 3918 655 3988 primae
672 3917 707 3973 v'
766 3925 812 3973 Ι16
832 3919 935 3973 locarit
952 3917 1045 3974 idibus
1070 3921 1096 3973 V
1112 3919 1200 3976 locuti
1219 3921 1333 3978 tidibuc
1414 3897 1460 3954 Ἀ

225 4007 326 4062 lecerit
347 4007 448 4077 ydibus
468 4009 483 4062 b
510 4008 599 4062 locari
623 4008 704 4062 dibus
728 4009 819 4076 spatie
840 4025 998 4077 paucarum
1021 4010 1175 4064 litterarum
1195 4015 1261 4080 poet
1285 4003 1456 4067 1032*m

225 4097 327 4164 relicte,
345 4097 504 4152 decentibus
522 4098 540 4163 f
608 4104 640 4151 17
661 4096 707 4151 eui
723 4096 837 4152 iusserit
851 4099 877 4152 A
898 4097 942 4152 cui
962 4097 1004 4151 ius
1023 4096 1077 4151 erit
1093 4098 1121 4152 P
1138 4097 1204 4167 quui
1223 4095 1375 4155 iusseri&
1439 4074 1453 4128 1

227 4185 304 4238 euius
324 4185 422 4251 serite
446 4186 490 4241 cui
508 4186 657 4254 iusserisf
680 4185 758 4248 errius
777 4187 865 4242 erite
946 4193 977 4240 19
997 4186 1087 4240 inluta
1108 4187 1206 4256 PAcf
1231 4189 1315 4245 illata
1356 4173 1447 4256 DF

297 4273 406 4341 pignori
430 4275 506 4327 VAe
528 4274 638 4344 pignori
658 4276 696 4343 bf
770 4282 804 4330 20
823 4275 932 4331 terrula
950 4276 1001 4330 VR
1020 4276 1211 4331 torculariaA
1284 4284 1319 4333 21·
1359 4265 1441 4357 {²

228 4359 289 4428 que
307 4360 336 4414 ee
354 4360 425 4415 sne
443 4362 471 4414 P
486 4361 577 4429 siquid
597 4363 721 4418 statiua
739 4365 788 4419 aa
806 4364 892 4434 eque
912 4368 941 4420 er
959 4365 1031 4419 auu
1044 4367 1079 4419 A.
1098 4367 1214 4433 fortasse
1233 4367 1263 4421 er
1280 4334 1435 4436 equld

228 4447 303 4503 eliud
378 4455 411 4503 22
431 4467 551 4518 aequem
571 4453 599 4504 P
617 4469 721 4521 equom
740 4455 767 4508 A
787 4471 858 4522 eque
878 4453 906 4507 in
925 4457 1075 4524 faequnm
1095 4455 1151 4508 bre
