3000 5026
175 298 239 362 102
679 294 835 352 CATONIS

174 473 260 526 antea
284 465 353 525 mali
375 467 457 525 intus
480 464 551 543 erit,
573 465 672 523 omnia
695 481 765 523 sana
788 463 888 542 iaciet,
912 471 944 524 et
961 462 998 522 de
1017 465 1113 540 capite
1128 469 1159 522 et
1172 460 1209 520 dc
1225 459 1321 520 oculis

176 574 274 633 omnia
296 571 425 632 deducet
448 578 478 631 ct
500 589 606 630 sanum
629 570 725 630 iaciet
767 569 843 630 banc
861 588 946 630 manc
967 588 1032 629 csse
1047 577 1166 646 oportet
1179 570 1320 628 ieiunum.

139 682 156 738 7
178 687 209 739 et
231 681 257 739 si
279 677 348 738 bilis
370 684 433 738 atra
458 685 504 737 est
527 685 558 736 et
580 679 605 736 si
629 676 722 737 lienes
746 684 867 755 turgent
890 684 920 736 et
943 679 969 737 si
991 694 1044 736 cor
1058 674 1140 736 dolet
1153 683 1184 735 ct
1197 677 1223 734 si
1238 676 1322 735 iecur

174 793 226 845 aot
248 784 404 864 pulmones
432 791 484 844 ant
510 783 696 863 praecordia,
726 801 786 843 uno
815 783 904 843 serbo
935 786 1033 844 omnia
1056 801 1127 843 sana
1150 783 1241 843 iaciat
1263 781 1320 859 [et]

175 894 254 953 intro
278 910 352 971 quae
377 889 551 951 dolitabunt
592 890 697 951 eodem
720 889 841 968 silpium
863 890 1005 971 inradito,
1027 889 1138 950 bonum
1157 896 1212 949 est.
1254 897 1366 949 nam⁵=

175 1017 266 1059 venae
291 1016 394 1059 omnes
422 997 473 1058 nbi
496 996 630 1058 sufflatae
654 1003 724 1056 sunt
754 1015 789 1055 ex
813 995 894 1076 cibo,
922 1015 982 1057 non
1005 1005 1131 1075 possunt
1153 998 1322 1075 perspirarc

175 1109 206 1167 in
231 1112 293 1166 toto
317 1123 458 1184 corpore:
481 1105 550 1166 inde
575 1103 666 1182 aliqui
689 1101 812 1163 morbus
835 1106 976 1163 nascitur.
1018 1102 1069 1164 ubi
1088 1122 1125 1164 ex
1143 1103 1238 1164 multo
1257 1102 1322 1163 cibo

177 1213 260 1274 drus
288 1229 347 1272 non
375 1214 411 1292 it,
439 1229 493 1289 pro
521 1212 657 1288 portione
685 1208 817 1269 brassica
844 1212 870 1269 si
900 1212 1006 1288 uteris,
1034 1209 1063 1270 id
1093 1217 1126 1270 ut
1152 1217 1183 1269 tc
1206 1227 1320 1289 moneo,

178 1319 252 1380 nihil
274 1321 401 1379 istorum
429 1336 485 1378 usu
510 1319 608 1377 veniet
631 1315 781 1393 [morbis].
823 1334 925 1376 verum
955 1316 1091 1377 morbum
1119 1315 1323 1376 articularium

178 1424 259 1486 nulla
282 1442 331 1484 res
354 1432 414 1483 tam
437 1430 558 1502 purgat,
582 1441 670 1501 qoam
694 1421 823 1483 brassica
848 1423 954 1502 cruda,
977 1424 1003 1482 si
1026 1423 1097 1483 edes
1120 1424 1271 1483 concisam
1292 1429 1322 1482 et
1335 1445 1362 1479 ;

180 1539 276 1592 rutam
300 1538 331 1590 et
353 1529 543 1591 coriandrum
567 1532 716 1590 concisam
739 1532 848 1589 siccam
877 1538 907 1590 et
929 1529 1114 1609 laserpitium
1136 1531 1271 1590 inrasum
1293 1536 1323 1589 et

140 1637 159 1692 8
179 1637 341 1698 brassicam
365 1655 401 1696 ex
424 1646 507 1697 aceto
527 1636 653 1717 oxymeli
672 1644 702 1696 ct
715 1636 776 1696 sale
790 1654 931 1715 sparsam.
973 1636 1046 1697 baec
1060 1639 1086 1696 si
1099 1639 1203 1716 uteris,
1228 1637 1322 1696 omnis

179 1744 321 1805 articulos
344 1746 457 1823 poteris
480 1746 618 1823 experiri.
659 1743 759 1803 nullus
782 1752 921 1821 sumptus
944 1751 1003 1823 est,
1026 1751 1057 1803 et
1080 1745 1105 1803 si
1121 1750 1259 1821 sumptus
1277 1760 1322 1802 es·

181 1859 239 1931 set,
269 1859 367 1912 tamen
390 1849 566 1911 valetudinis
596 1868 685 1911 causa
712 1852 857 1929 experire.
893 1850 969 1911 banc
992 1857 1111 1929 oportet
1137 1867 1225 1910 mane
1252 1852 1322 1910 iciu-

180 1976 252 2019 num
275 1976 349 2019 csse.
369 1954 503 2037 †omuis
526 1957 572 2017 vel
595 1959 690 2036 siquis
718 1967 764 2018 est
786 1960 936 2039 seniosus‚
963 1957 1018 2018 bac
1042 1957 1147 2017 eadem
1170 1960 1322 2018 curatione

251 2183 410 2238 ticianum
433 2181 491 2236 VR
508 2181 643 2236 ieiunium
662 2184 689 2234 A
761 2189 778 2235 4
797 2181 882 2236 faciet
900 2183 929 2236 et
945 2181 1020 2235 intro
1038 2181 1099 2235 AR
1117 2180 1187 2235 facit
1204 2183 1235 2235 et
1251 2182 1324 2236 iutro

184 2273 210 2325 V
225 2273 294 2327 iacit
311 2272 385 2326 intro
404 2272 549 2326 Iunonius
640 2270 788 2339 5silpium
808 2270 901 2324 PAR
928 2270 1064 2325 silliuma
1156 2277 1172 2324 6
1191 2287 1280 2336 nanee
1297 2271 1325 2324 A

253 2367 268 2414 '1
287 2360 352 2414 iude
371 2358 463 2428 aliqui
480 2359 594 2413 morbus
612 2358 736 2413 nascitur
754 2358 889 2425 AeVict.,
906 2358 972 2412 inde
990 2354 1091 2428 aliqui’
1105 2360 1218 2414 morbus
1236 2359 1324 2415 nasci-

181 2450 261 2504 turb
289 2449 354 2503 inde
373 2447 477 2517 aliquis
496 2448 608 2502 morbus
627 2447 755 2502 nascitur
772 2448 790 2514 s
812 2448 886 2502 unde
905 2447 1009 2516 aliquis
1026 2447 1140 2502 morbus
1158 2448 1283 2503 nascitur
1303 2447 1329 2501 V

182 2539 246 2593 inde
265 2538 354 2606 aliqui
372 2537 462 2592 morbi
481 2538 633 2591 nascuntur
650 2536 796 2592 Iucundos
905 2544 921 2593 8
940 2553 996 2592 nou
1014 2526 1045 2592 Ι
1060 2536 1128 2605 Vos
1150 2541 1187 2590 no
1199 2535 1241 2591 -it
1267 2553 1326 2591 auro

182 2629 274 2682 littera
297 2631 360 2680 oute
377 2624 402 2679 it
420 2627 506 2679 delato
524 2626 551 2678 A
570 2625 682 2679 nonita
770 2643 822 2695 pro
840 2626 982 2697 portione]
1002 2625 1186 2695 Proportione
1204 2627 1238 2680 iu
1254 2643 1326 2680 mor-

181 2717 245 2784 pa'ne
262 2715 409 2783 adsumsit
430 2713 458 2767 P
545 2715 661 2781 sonasse
679 2713 720 2769 ita
738 2713 781 2768 uti
798 2730 898 2770 moneo
990 2721 1006 2768 9
1025 2714 1113 2769 nichil
1130 2715 1157 2768 A
1250 2720 1284 2768 10
1303 2715 1328 2769 si

182 2821 244 2858 eam
262 2804 328 2858 edes
346 2820 410 2858 eum
428 2803 493 2856 ruta
510 2804 540 2857 et
558 2802 703 2858 coriandro
718 2802 865 2858 concisam.
894 2801 937 2858 sic
955 2804 985 2857 et
1006 2801 1183 2871 laserpitium
1202 2803 1328 2860 inrasum

183 2909 246 2947 cum
263 2891 387 2947 brassica
401 2908 434 2946 ex
449 2894 528 2946 aceto
543 2890 675 2962 oxymelli
689 2893 718 2946 et
732 2891 791 2947 sale
806 2909 903 2962 sparsa
912 2892 1058 2946 iucundus
1131 2899 1162 2946 11
1179 2895 1208 2948 et
1221 2894 1328 2949 eorien-

183 2981 262 3036 drnm
286 2967 427 3036 concisam
450 2979 549 3036 nietam
575 2983 605 3035 et
627 2978 770 3050 sirpicium
793 2982 887 3036 inrasa
910 2985 940 3036 et
964 2980 1088 3036 brassica
1110 2998 1143 3035 ex
1162 2985 1245 3037 aceto
1264 3001 1329 3053 oxy·

182 3125 249 3180 meli
261 3124 288 3177 P
305 3127 334 3179 ot
348 3122 507 3178 conandum
527 3125 557 3177 at
574 3122 714 3178 concisam
734 3082 818 3176 silam
836 3124 865 3176 et
884 3122 1024 3192 sirpitium
1043 3124 1137 3178 inrasa
1156 3131 1185 3179 et
1202 3124 1332 3181 brassica

183 3234 298 3285 exaucto
317 3228 431 3283 oximeli
449 3229 476 3281 A
505 3229 535 3282 et
558 3226 733 3281 coriandrum
752 3227 893 3281 concisam
919 3228 1017 3282 rictam
1037 3232 1066 3284 eb
1088 3227 1233 3298 sirpicium
1255 3229 1330 3286 inra-

183 3335 244 3373 sum
263 3334 296 3372 ex
314 3317 438 3374 brassica
457 3332 491 3370 ex
510 3317 591 3368 aceto
610 3312 723 3368 oximeli
742 3315 757 3368 b
777 3317 807 3368 et
825 3316 1000 3369 coriandrum
1020 3317 1160 3373 concisam
1179 3317 1282 3373 rictam
1301 3321 1331 3375 et

184 3406 323 3476 sirpitium
341 3406 371 3461 in
389 3422 480 3460 rasam
500 3406 529 3458 et
547 3401 670 3458 brassica
687 3405 717 3458 ei
730 3405 825 3459 acceto
845 3403 958 3459 oximeli
973 3422 987 3458 c
1005 3411 1034 3460 et
1052 3407 1242 3462 corriandrum
1262 3425 1329 3464 con-

184 3497 270 3551 cisam
289 3496 390 3552 siccam
414 3497 443 3549 et
471 3491 613 3562 sirpicinm
637 3492 666 3546 in
691 3510 784 3549 rasam
809 3497 838 3550 et
859 3494 1013 3550 brassicam
1033 3512 1066 3549 er
1085 3499 1165 3552 aceto
1183 3499 1300 3554 oximeli
1317 3495 1366 3566 Γ

184 3589 212 3639 et
230 3585 406 3639 coriandrum
422 3581 570 3637 concisam,
595 3580 634 3635 sic
649 3584 677 3637 at
690 3581 867 3654 laserpitium
881 3583 911 3637 in
926 3583 1001 3638 salsa
1015 3602 1048 3638 ex
1062 3586 1186 3642 brassica
1200 3591 1230 3642 et
1246 3592 1330 3644 aceto

183 3672 348 3728 oximelleo
440 3675 471 3723 12
491 3672 521 3724 et
538 3669 597 3725 sale
616 3688 713 3740 sparsa
734 3672 822 3726 VAR
912 3676 981 3727 haec
1000 3674 1023 3728 si
1041 3675 1127 3728 uteris
1149 3674 1193 3728 Vb
1219 3676 1272 3730 hec
1291 3677 1330 3731 sic

184 3778 272 3833 uteris
291 3779 328 3842 cf
350 3778 402 3831 hec
421 3776 461 3831 sic
478 3762 543 3832 utus
562 3778 589 3831 A
608 3778 661 3833 hac
680 3779 703 3833 si
721 3779 808 3834 uteris
817 3780 972 3837 Iucundos.
1000 3783 1114 3848 fortasse
1132 3780 1202 3835 haec
1222 3782 1245 3836 si
1264 3799 1330 3837 eon·

183 3868 269 3920 tores:
289 3861 324 3932 cf.
345 3864 423 3920 Plio.
441 3869 488 3933 20,
506 3872 545 3923 80
562 3869 729 3936 tantamque
748 3885 809 3924 esse
827 3868 893 3942 vim,
912 3872 944 3923 ut
962 3871 1011 3940 qni
1029 3872 1103 3926 ierat
1120 3871 1196 3924 haec'
1208 3869 1330 3926 validio-

184 3972 243 4010 rem
265 3954 326 4012 fieri
348 3971 377 4012 sa
401 3956 505 4012 sentiat
630 3963 662 4011 13
689 3956 782 4011 nullus
801 3961 898 4028 suptus
917 3962 961 4013 est
979 3962 1007 4013 et
1026 3961 1061 4029 (si
1079 3959 1142 4013 add.
1162 3958 1215 4028 A²)
1234 3948 1366 4029 supto‘

184 4048 258 4101 esset
275 4044 303 4100 A
376 4049 409 4099 14
429 4046 569 4116 experirus
590 4048 648 4100 PA
667 4052 692 4101 et
710 4048 812 4101 codices
835 4047 957 4115 Victorii,
981 4047 1099 4116 experiri
1117 4048 1141 4102 is
1160 4049 1175 4102 b
1195 4050 1357 4117 experiris-

184 4135 357 4206 cerperitus
375 4137 393 4203 s
411 4137 551 4205 experirer
568 4152 585 4189 u
604 4135 759 4204 experirere
780 4137 923 4191 Meuratuo
963 4137 967 4143 '
1025 4137 1149 4191 ieiunum
1171 4136 1236 4205 ch
1259 4138 1340 4193 ieiu—

184 4225 261 4279 nium
280 4225 308 4278 A
327 4221 464 4288 ieiunium
483 4224 499 4277 b
573 4229 606 4277 15
625 4224 714 4278 omnis
731 4223 778 4278 uel
796 4223 884 4291 siquis
903 4225 946 4279 esi
964 4225 1089 4279 seniosns
1105 4225 1163 4280 PR
1180 4231 1206 4280 ct
1224 4228 1345 4282 codicesr

188 4311 312 4376 Victorii,
336 4315 395 4364 orni
419 4311 466 4364 uel
493 4309 580 4379 siquis
603 4319 619 4367 ὁ
643 4327 767 4366 semosus
784 4310 813 4364 A
840 4311 930 4367 omnis
955 4313 1004 4379 qui
1027 4313 1213 4368 insomniosus
1237 4317 1282 4370 est
1304 4333 1328 4369 o.

185 4398 299 4464 furasse
321 4396 456 4453 insomnis
479 4400 525 4455 vel
548 4401 673 4456 senioaus
696 4398 783 4469 siquis
806 4401 857 4454 est.
895 4403 928 4468 es.
955 4402 1031 4456 Plio.
1051 4407 1102 4469 20,
1121 4407 1160 4458 32
1187 4401 1337 4458 insomnia
