3000 5026
400 330 530 385 RERVM
547 329 785 387 Rvsrlonnvot
802 329 869 384 LIB.
888 329 901 382 I
920 325 1041 384 54-55
1237 327 1296 392 191

157 498 235 557 enim
279 514 382 557 eorum
427 497 507 576 quod
552 515 612 557 non
653 495 749 556 solum
790 497 909 575 stringit
949 486 1069 575 bacam,
1114 495 1166 555 sed
1208 496 1325 555 etiam2

156 617 253 663 ramos
285 602 380 682 glubit
415 623 462 664 ae>
485 604 627 683 relinquit
659 604 694 663 ad
723 603 892 682 gelicidium
920 611 1057 664 retectos.
1109 621 1183 681 quae
1210 621 1300 662 manu

157 712 236 788 tangi
273 728 334 771 non
370 707 526 792 poterunt,
568 713 608 771 ita
646 712 728 790 quati
765 709 887 791 dehent,
929 718 962 771 ut
998 709 1164 770 harundine
1200 711 1300 787 potius

158 833 249 893 quam*
275 819 391 896 pertica
424 818 582 878 feriantur:
619 819 736 896 gravior
769 819 847 877 enim
879 817 962 897 plaga
995 816 1143 877 medicum
1176 817 1300 894 quaerit.

79 937 133 984 5
158 925 204 1000 qui
233 927 360 1006 quatiet,
388 943 425 985 ne
453 925 606 985 adversam
633 924 743 985 caedat.
790 943 877 1003 saepe
903 927 982 984 enim
1004 916 1046 984 ita
1069 941 1209 1003 percussa
1232 922 1324 983 olea3

158 1045 255 1091 seeum
289 1031 385 1092 delent
419 1031 455 1092 de
483 1031 597 1092 ramulo
626 1031 768 1111 plantam,
802 1050 861 1109 qno
889 1032 967 1091 laeto
1003 1031 1134 1090 lructum
1162 1031 1300 1090 amittunt

156 1140 267 1212 posteri
300 1139 377 1198 anni.
423 1157 478 1198 nec
506 1138 579 1199 haec
607 1157 667 1199 non
696 1141 816 1199 minima
841 1157 942 1220 causa,
970 1137 1049 1218 quod
1073 1137 1177 1197 oliveta
1201 1137 1301 1196 dicant

155 1241 277 1304 alternis
300 1246 386 1305 annis
408 1263 467 1305 non
491 1246 570 1306 ferre
594 1246 709 1307 fructus
733 1254 784 1306 aut
807 1264 867 1306 non
889 1264 983 1325 aeque
1005 1262 1136 1323 magnos
1181 1244 1244 1303 olea
1263 1246 1327 1303 314

144 1367 206 1410 uva
236 1369 293 1429 per
315 1351 395 1411 idem
417 1350 529 1414 bivium
553 1353 685 1413 reditio
709 1344 819 1428 villam,
848 1352 903 1412 alia
927 1352 962 1412 ad
986 1351 1085 1411 cibum
1111 1348 1142 1426 [l.
1167 1348 1295 1430 edatur],

43 1481 90 1520 ιο
134 1456 208 1517 alia
238 1465 272 1518 ut
301 1458 464 1537 eliquescat
492 1479 526 1519 ac
553 1478 613 1520 non
641 1459 736 1520 solum
765 1477 873 1539 corpus
897 1461 979 1519 intus
1001 1465 1113 1536 unguat
1136 1457 1188 1517 sed
1212 1459 1300 1516 etiam

120 1564 350 1625 extrinsecus.
397 1568 497 1645 itaque
521 1567 672 1627 dominum
697 1568 727 1627 in
751 1565 870 1626 balneas
889 1573 919 1626 et
936 1565 1135 1642 guminasium
1155 1565 1300 1641 sequitur.

104 1673 239 1748 haec,
266 1670 304 1731 de
328 1689 385 1750 qua
408 1673 442 1734 fit
465 1674 576 1757 oleum,
600 1675 721 1753 congeri
744 1673 819 1734 solet
842 1675 999 1734 acervatim
1023 1671 1087 1731 dies
1111 1670 1243 1750 singulos
1265 1671 1326 1730 ind

101 1775 297 1858 tabulata,
325 1784 359 1838 ut
386 1779 428 1839 ibi
455 1781 645 1842 mediocriter
669 1781 813 1841 inanescat
835 1800 869 1841 ac
892 1782 1007 1858 primus
1031 1780 1158 1858 quisquc
1181 1793 1302 1838 acervos

244 2098 259 2146 1
294 2092 410 2148 durities
439 2093 513 2148 enim
541 2093 615 2149 Non.
636 2111 665 2163 p.
691 2099 753 2161 119,
778 2099 810 2148 11
919 2094 994 2163 quod
1023 2110 1079 2148 non
1107 2093 1198 2148 solum
1224 2091 1298 2146 Non.

56 2200 126 2252 p.
183 2185 304 2250 403,9
330 2202 332 2206 ⁴
381 2187 397 2234 3
425 2182 467 2236 113
495 2181 1300 2254 (133111313311133313.3333.31331.Ι20,3Ρ113.

67 2273 178 2337 15,
221 2274 258 2327 12
333 2277 365 2326 12
384 2271 455 2327 haec
474 2272 508 2326 de
528 2290 584 2341 qua
602 2273 635 2326 fit
653 2273 746 2328 oleum
765 2271 839 2330 Non.
855 2289 885 2341 p.
905 2276 990 2340 62,2

66 2566 240 2634 Quor
256 2589 314 2628 non
331 2573 419 2628 33133
437 2574 559 2630 celeriter
572 2577 724 2645 praeterire
741 2577 873 2646 strinpere
890 2581 1002 2644 333331,
1020 2577 1067 2631 331
1080 2578 1161 2631 31133
1174 2581 1199 2630 13
1212 2582 1301 2632 trans·
1360 2562 1363 2566 ⁴

59 2655 252 2718 ellubie.
289 2663 329 2716 In
354 2663 462 2718 3333313
481 2664 525 2719 Μ.
547 2664 681 2720 Varronis
699 2666 844 2734 codicibus,
864 2664 958 2733 Quod,
980 2663 1036 2722 333
1059 2667 1184 2721 3331313
1201 2666 1301 2735 optimo

60 2743 247 2805 tamen
269 2767 302 2809 33
323 2752 519 2821 uetustissima,
544 2755 633 2808 eodem
656 2755 712 2807 loco
731 2755 852 2823 positam
875 2755 1025 2809 innenitwr.
1063 2753 1129 2808 Dno
1150 2755 1214 2822 1113,
1233 2769 1302 2822 qnae

62 2840 235 2896 “Puri
254 2839 380 2895 Noniwm
402 2846 469 2895 3331
491 2841 589 2907 naba,
614 2839 748 2895 Celeriter
765 2840 931 2909 praeterire,
950 2842 1023 2895 ande
1041 2844 1301 2909 [1333131333.-

63 2928 235 2983 “puer
259 2926 408 2984 Varronem
435 2935 516 2995 certe,
544 2945 593 2983 nec
615 2930 647 2982 in
668 2929 819 2998 impressio,
846 2945 896 2983 333
920 2931 952 2982 13
974 2919 1060 2983 mann
1081 2931 1191 2999 scriptis
1209 2945 1301 2984 eornm

66 3015 301 3086 vestiarum
323 3018 410 3072 31133
424 3037 433 3070 .·
446 3033 511 3072 333
534 3017 656 3085 Vocant,
680 3033 713 3072 ere
735 3016 842 3071 Vacam
864 3018 969 3083 saetam
992 3034 1046 3072 3333
1068 3018 1233 3085 affirmarim
1247 3019 1301 3071 :in

71 3097 246 3160 eodem
270 3106 342 3160 eninr
364 3106 521 3174 fidelissimo
544 3106 633 3161 codice
651 3123 703 3175 per
720 3125 752 3176 u,
776 3106 807 3160 iai
828 3107 942 3160 nerbono
960 3108 1060 3174 31113,
1083 3107 1302 3161 3131113331113

75 3172 225 3245 locis
246 3195 379 3264 saraptam
401 3201 446 3250 eat.
483 3195 632 3250 Extremae
654 3196 737 3249 etiam
758 3196 890 3250 dictiones
911 3196 993 3250 13133
1012 3196 1064 3250 1331
1083 3197 1159 3265 apud
1176 3196 1301 3250 Nonium

80 3263 340 3351 deprecatae,
362 3299 431 3352 paee
454 3285 486 3338 in
509 3285 614 3338 3333113
632 3301 718 3338 mann
734 3285 845 3353 33313113
866 3283 1001 3338 Varronis
1019 3285 1097 3338 tibris
1115 3286 1302 3353 3313333313

83 3346 297 3428 leyuniar’
323 3371 462 3427 Victorino
530 3371 651 3427 durioiee
669 3373 698 3428 A
758 3377 773 3425 1
792 3374 891 3427 bacam
905 3372 964 3427 Am
982 3389 1081 3427 nocam
1096 3375 1124 3428 B
1142 3374 1259 3428 baccam
1278 3373 1305 3426 V

229 3467 245 3516 2
263 3460 399 3531 relinquit
422 3461 479 3516 VB
496 3459 637 3530 relinquid
655 3462 682 3515 A
743 3478 814 3530 quoe
833 3478 951 3516 313333
971 3464 1019 3531 qui
1037 3479 1122 3516 manu
1140 3462 1231 3516 PAB
1285 3467 1301 3515 6

94 3540 470 3622 ρ1111ὶ1131](1331133131
525 3549 646 3620 efecto]
666 3549 743 3604 133113
762 3566 831 3606 corr.
847 3582 879 3589 -
894 3554 925 3606 13
939 3551 967 3606 A
1023 3558 1108 3606 'ineo
1124 3550 1196 3605 haec
1211 3550 1303 3604 PAB

98 3623 160 3675 ι11»
190 3631 313 3694 haeae
403 3645 419 3692 a
446 3637 555 3692 binium
573 3656 589 3693 a
608 3638 724 3692 ortuum
743 3638 834 3691 PAR
923 3642 942 3694 1.
952 3641 1064 3711 edatur]
1083 3639 1195 3695 ledetur
1214 3638 1303 3693 PAR

103 3701 241 3782 datur
257 3745 274 3783 3
290 3769 297 3782 .
312 3728 335 3782 e’
353 3726 473 3782 dedatur
490 3729 521 3782 in
539 3729 661 3797 margine
680 3728 826 3796 adscripsit
847 3730 893 3783 P.
910 3729 1025 3799 eligitur
1044 3730 1198 3784 Inewndns.
1228 3727 1302 3783 ‘Met-

106 3802 247 3871 “ulam
260 3817 340 3871 13131
357 3819 475 3887 optimas
492 3818 581 3872 eaden.
619 3816 755 3883 necatur,
774 3817 1121 3887 331311333311133331
1165 3818 1304 3874 Victorino

87 3960 90 3965 ,
204 3908 246 3960 10
266 3905 420 3974 eliquescat
438 3906 495 3960 VB
513 3906 688 3973 eliqueseant
701 3906 759 3959 Ant
810 3910 842 3957 11
864 3905 972 3973 ‘ltaque
987 3905 1131 3959 dominum
1145 3909 1174 3961 31
1188 3908 1303 3963 balneas

83 4007 86 4012 ’
112 3973 166 4027 ⁸¹²
193 3994 382 4063 gymnasium
401 3993 535 4062 sequitur.
567 3993 648 4048 Vrina
665 3995 731 4048 1333
749 3998 787 4048 331
800 3994 885 4062 133113,
903 4011 973 4063 qnae
986 4000 1010 4048 et
1023 3995 1139 4062 elegans,
1157 4000 1182 4048 et
1195 3998 1304 4050 erudita

113 4066 282 4138 “ideeia’
312 4082 449 4138 Victorias
516 4083 612 4150 itaque
630 4083 678 4150 bel
702 4082 846 4137 dominum
864 4083 892 4136 B
950 4082 979 4135 in
997 4080 1125 4150 balneas]
1145 4084 1174 4134 et
1186 4080 1303 4137 balneas

125 4141 253 4228 VAB
281 4174 312 4226 31
335 4172 366 4226 13
393 4172 508 4227 balneas
535 4171 715 4228 Schneiderus
810 4171 995 4242 gyminasium
1019 4171 1047 4224 P
1072 4168 1250 4240 gimicasium
1274 4171 1303 4226 A

117 4247 307 4317 ἓ9Ῡ1331331
326 4263 354 4315 Β
377 4260 554 4330 gymnasium
572 4278 589 4316 3
660 4261 786 4330 seqnitur
803 4261 864 4315 AB
882 4259 946 4314 inde
965 4259 1092 4328 sequitur
1115 4259 1148 4327 V,
1171 4261 1219 4315 nbi
1237 4259 1303 4317 inde

117 4321 285 4407 del‘tuisse
301 4352 408 4406 3131333
424 4351 452 4402 P
505 4355 537 4403 12
556 4350 672 4418 13313333
685 4349 838 4405 acervatim
851 4349 880 4403 in
894 4348 954 4404 dies
969 4349 1094 4419 singulos
1150 4349 1304 4415 13133333-

10 4462 17 4507 ¹}
121 4421 221 4488 ⁸0³&
239 4440 267 4495 A
338 4439 455 4508 quisque
473 4440 687 4508 superscriptum
704 4440 737 4493 in
755 4439 782 4493 A
855 4455 969 4500 aceruos
991 4441 1082 4498 PAB
1101 4455 1250 4494 aceruusn

207 4533 280 4579 Onne
293 4547 326 4578 33
339 4547 400 4578 nour
413 4547 433 4578 3.
1058 4547 1090 4594 13
