3000 5026
534 335 581 390 DE
600 334 688 390 Aoni
708 334 876 390 cVLTVnA

224 503 330 563 XXXV
354 503 461 564 Vineae
485 503 666 582 arboresque
689 511 723 564 ut
745 510 860 563 mature
883 509 1027 581 putentur

224 609 343 671 XXXVI
368 611 456 671 Vinea
481 618 514 671 ut
537 618 660 672 curetur

223 717 356 778 XXXVII
381 717 522 778 Saliotum
545 724 578 777 ut
602 735 656 777 suo
680 724 813 795 tempore
837 716 977 777 caedatur

223 822 369 884 XXXVIII
392 823 434 883 lle
458 825 584 884 sementi
608 823 741 884 sarienda

224 928 384 989 XXXVIIII
407 929 449 989 lle
474 948 543 1008 agro
567 928 723 989 rubricoso
1042 999 1045 1003 ‚

222 1034 272 1094 XL
296 1035 337 1095 De
361 1034 427 1095 laba
446 1043 476 1096 et
499 1037 574 1096 vicia
598 1035 714 1113 sifigine
738 1034 863 1116 hordeo,
886 1034 938 1094 ubi
962 1042 1099 1094 serantur

222 1140 285 1201 XLI
309 1140 390 1211 Quae
415 1150 545 1220 segetem
569 1148 736 1202 stercorent

222 1246 299 1307 XLII
323 1247 404 1318 Quae
428 1248 501 1309 mala
525 1251 555 1309 in
580 1256 679 1328 segete
703 1250 764 1309 sint

222 1352 312 1413 XLIII
334 1354 376 1414 lle
400 1357 484 1415 vinea
508 1363 537 1416 et
561 1355 717 1416 arboribus
740 1357 852 1434 putatis

223 1459 326 1520 XLlllI
349 1461 391 1521 lle
416 1463 535 1522 fornace
559 1461 683 1522 calcaria

221 1565 296 1626 XLV
320 1567 449 1647 singna
473 1581 502 1630 et
525 1571 622 1648 virgas
646 1588 704 1629 non
728 1571 841 1648 poteris
865 1569 993 1630 vendere

219 1672 308 1732 XLVI
333 1673 386 1734 Vbi
409 1683 600 1754 tempestates
624 1675 716 1736 malae
741 1683 842 1755 erunt,
867 1676 938 1755 quid
962 1675 1028 1734 lieri
1049 1677 1144 1753 possit

222 1779 324 1840 XLVII
348 1781 405 1840 Per
428 1800 480 1842 ver
504 1801 580 1862 quae
604 1783 675 1843 liant

220 1885 335 1946 XLVIII
359 1887 462 1948 lnsitio
486 1891 554 1949 vitis
579 1897 608 1949 et
631 1887 755 1948 aliarum
779 1906 881 1948 rerum

222 1993 350 2053 XLVllII
374 1993 461 2054 Floos
486 2003 515 2056 et
539 1995 618 2056 oleas
642 1996 698 2055 alio
722 1994 809 2054 modo

220 2099 243 2159 L
268 2099 373 2160 Suloos
397 2119 455 2180 quo
480 2102 567 2165 modo
587 2102 677 2162 saoias

220 2204 256 2265 LI
279 2206 396 2268 Vitibus
420 2207 518 2269 sulcos
541 2210 778 2288 propaginesque

150 2377 156 2386 ,
220 2311 270 2371 LII
293 2312 364 2374 Olea
388 2333 446 2393 quo
470 2321 604 2393 tempore
627 2323 750 2394 putetur

219 2418 283 2479 LIII
307 2419 348 2480 De
372 2420 456 2480 taleis
480 2421 640 2501 oleagineis

220 2525 298 2585 Lllll
322 2526 520 2588 Seminarium
544 2548 602 2608 quo
626 2529 713 2589 modo
738 2530 788 2589 fiat

218 2631 266 2691 LV
289 2632 431 2695 Harundo
456 2636 624 2715 quomodo
649 2643 766 2696 seratur

219 2738 282 2799 LVI
304 2739 474 2801 Pomarium
497 2744 689 2802 seminarium

220 2844 295 2904 LVII
318 2847 360 2906 De
384 2848 469 2908 vinea
494 2856 592 2908 vetere

220 2951 309 3011 LVIII
331 2953 419 3013 Prata
443 2972 501 3032 quo
525 2954 611 3014 modo
636 2960 840 3014 stercorentur

78 3078 109 3118 25
220 3056 321 3118 LVllIl
344 3059 400 3120 Vbi
423 3060 495 3139 daps
518 3060 671 3138 profanata
695 3061 764 3140 erit,
789 3060 860 3138 quid
885 3061 935 3119 liat

130 3233 345 3242 --.—-—.—..

202 3359 217 3406 1
237 3352 342 3408 Vineae
362 3354 530 3425 arboresque
549 3356 648 3426 (Vineo
662 3357 831 3424 arboresque
845 3357 872 3410 A
891 3355 978 3410 Vinee
998 3353 1110 3409 arbores
1124 3356 1149 3424 e)
1168 3359 1200 3410 ut
1218 3372 1276 3410 ma-

124 3444 191 3497 ture
209 3443 342 3510 putentur
361 3445 408 3500 Ao
419 3445 501 3514 Vror,
526 3446 615 3518 Vineq
635 3446 803 3513 arboresque
827 3446 858 3499 ut
881 3447 1006 3500 maturae
1024 3446 1158 3515 putentur
1176 3445 1205 3498 P
1228 3445 1276 3500 Uti

126 3533 257 3586 maturae
276 3533 389 3588 arbores
411 3536 544 3603 putentur
564 3552 580 3589 v
666 3541 682 3588 3
702 3533 836 3587 SoIIoium
855 3536 887 3588 ut
905 3551 955 3589 suo
973 3536 1099 3604 tempore
1117 3536 1225 3588 seratur
1243 3534 1276 3604 P,

126 3636 178 3675 om.
199 3637 215 3675 o
307 3622 441 3677 caedatur
462 3623 539 3692 Vter,
560 3624 674 3679 cedatur
693 3623 739 3677 Ae
829 3629 844 3676 6
869 3623 910 3678 De
928 3623 994 3678 faba
1017 3624 1046 3678 εὴ
1064 3621 1137 3677 nicia
1159 3621 1275 3692 seligine

126 3709 236 3764 hordeo
255 3709 304 3764 ubi
323 3713 449 3766 serantur
463 3712 491 3765 P
507 3712 574 3778 Quis
592 3712 662 3767 loeis
681 3712 747 3765 faba
766 3711 848 3779 sifigo
868 3712 897 3767 et
914 3713 1050 3766 hordeum
1068 3711 1122 3766 seri
1140 3711 1275 3767 debeata

202 3797 321 3869 seligine
340 3816 354 3853 e
373 3799 490 3870 seligine
510 3817 578 3856 corr.
599 3800 724 3871 siligine,
747 3801 793 3855 sed
812 3815 840 3854 se
859 3801 891 3854 ln
908 3818 1009 3856 rasura
1027 3803 1055 3855 A
1127 3790 1210 3854 ordeo
1229 3800 1276 3854 Ae

202 3893 218 3941 8
237 3887 267 3942 in
282 3893 377 3958 segete
396 3889 452 3943 sint
476 3889 531 3944 VA
544 3889 573 3943 in
589 3892 712 3959 segetem
731 3889 813 3943 sinte
887 3895 919 3942 10
934 3890 1054 3945 calearia
1067 3889 1114 3944 Ae
1125 3888 1202 3957 Vter,
1221 3889 1275 3943 oal-

128 3992 212 4032 careo
230 3977 258 4032 V
330 3984 362 4031 16
386 3977 482 4034 Suloos
502 3979 640 4049 quomodo
660 3980 726 4047 (quo
745 3979 781 4032 no
800 3978 823 4046 c)
842 3976 929 4032 facias
948 3979 1085 4047 AeVe'ot.,
1104 3978 1200 4032 Suleos
1220 3983 1275 4047 quo

131 4081 232 4138 Fodias
252 4083 280 4137 P
297 4082 375 4139 Viles
394 4087 423 4139 et
442 4085 519 4140 oleae
538 4084 677 4153 quomodo
696 4084 898 4139 infodiunturo
972 4090 1004 4138 18
1025 4067 1044 4152 (ἶ
1062 4085 1187 4152 tempore
1206 4099 1274 4137 corr.

132 4176 295 4262 tempore
314 4192 340 4245 A
414 4198 446 4245 19
467 4191 507 4246 De
526 4189 607 4245 taleis
623 4191 775 4261 oleagineis
789 4191 841 4245 Po
852 4190 934 4258 Viae,
954 4189 995 4242 De
1013 4189 1090 4243 taliis
1110 4187 1275 4259 olegaginis,

126 4280 178 4335 aed
200 4281 284 4336 deleto
302 4280 397 4348 priore
420 4300 438 4350 g
461 4281 501 4350 A,
529 4280 668 4345 Quantam
691 4281 794 4335 taleam
819 4278 979 4348 oleagInam
1002 4277 1150 4334 deoidaso
1241 4285 1273 4333 21

127 4367 265 4424 Harundo
285 4369 427 4438 quomodo
443 4370 551 4424 seratur
565 4370 593 4422 P
609 4368 723 4423 Arundo
744 4370 883 4438 quomodo
902 4369 1009 4423 seratur
1028 4386 1042 4423 e
1065 4368 1188 4424 aaruudo
1207 4385 1275 4437 quo·
1313 4382 1316 4386 ’

129 4457 216 4515 modo
236 4459 345 4513 seratur
364 4458 391 4512 A
410 4457 613 4513 Arundineium
632 4461 661 4513 et
678 4457 822 4513 uitiarium
841 4457 884 4513 uti
902 4460 1043 4513 seratura
1134 4461 1168 4511 25
1187 4456 1230 4511 Ibi
1248 4457 1275 4510 A
