3000 5026
188 321 253 385 316
679 320 866 376 VARRONIS

135 489 302 550 36avidius
334 488 482 566 adplicant
514 506 545 548 se
579 496 666 567 atque
699 487 916 566 obstupescunt
947 493 1091 564 potantes.
1142 486 1168 544 si
1200 503 1236 543 ex
1270 482 1334 543 alvo

188 598 287 656 miuus
306 596 478 673 frequentes
497 595 625 656 evadunt
645 614 678 656 ac
698 594 826 655 subsidit
845 594 941 671 aliqua
964 611 1047 673 pars,
1071 591 1334 669 subfumigandum

189 709 219 761 et
241 720 334 782 prope
358 701 565 780 adponendum
588 701 663 761 bene
683 701 826 761 olentium
845 699 1005 759 herbarum
1025 700 1150 758 maxime
1169 700 1334 777 apiastrum

136 815 174 872 37
188 817 217 868 et
250 809 390 888 thymum.
441 809 655 887 providendum
693 808 884 868 vehementer
916 826 953 867 ne
986 815 1108 885 propter
1140 804 1256 866 aestum
1284 812 1336 864 aut

186 925 310 994 propter
333 917 427 995 irigus
451 917 629 994 dispereant.
676 917 700 975 si
724 914 842 993 quando
866 914 965 975 subito
988 913 1077 973 imbri
1101 915 1130 973 in
1155 920 1242 991 pastu
1262 920 1335 973 sunt
1363 924 1376 964 ⁶

189 1041 349 1101 oppressae
373 1031 424 1084 aut
447 1024 557 1101 frigore
581 1023 689 1103 subito,
714 1030 870 1100 antequam
893 1024 974 1100 ipsae
997 1021 1183 1099 providerint
1206 1020 1235 1080 id
1260 1020 1336 1100 fore,

188 1130 268 1208 quod
288 1131 396 1190 accidit
415 1149 482 1190 raro
502 1137 535 1190 ut
554 1131 748 1210 decipiantur,
768 1137 798 1189 et
816 1128 920 1189 imbris
938 1130 1030 1208 guttis
1044 1127 1188 1188 uberibus
1204 1127 1335 1186 offensae

187 1238 282 1297 iacent
308 1245 473 1315 prostratae
498 1246 548 1297 aut
572 1237 707 1316 elilictae‚
731 1236 939 1315 conligendum
954 1231 1012 1296 'eas
1035 1237 1065 1295 in
1090 1253 1140 1294 vas
1160 1233 1280 1313 aliquod
1305 1241 1336 1292 et

188 1345 392 1422 reponendum
415 1347 447 1404 in
470 1353 549 1404 tecto
571 1343 634 1404 loeo
654 1363 687 1403 ac
707 1344 816 1424 tepido,
839 1362 976 1423 promum
996 1362 1012 1402 e
1031 1342 1078 1402 die
1099 1360 1186 1420 quam
1207 1343 1336 1401 maxime

187 1459 362 1528 tempestate
386 1451 475 1531 bona,
504 1453 603 1511 cinere
628 1451 704 1510 iacto
728 1470 744 1510 e
769 1450 903 1510 ficulneis
927 1449 1014 1527 lignis
1037 1449 1218 1508 inlriandum
1242 1447 1375 1527 paulo1⁰

187 1556 254 1635 plus
287 1557 370 1618 caldo
403 1577 491 1637 quam
519 1559 673 1637 tepidiore.
724 1558 830 1617 deinde
863 1556 1092 1617 concutiendum
1125 1556 1230 1616 leviter
1269 1557 1335 1634 ipso

135 1669 176 1727 38
189 1682 272 1745 vaso,
297 1673 330 1725 ut
354 1684 443 1725 manu
467 1685 526 1726 non
550 1673 661 1746 tangas,
684 1673 714 1726 et
737 1665 889 1744 ponendae
913 1667 943 1724 in
968 1664 1038 1725 sole.
1085 1683 1160 1742 quae
1184 1666 1265 1723 enim
1291 1666 1335 1723 sic

188 1771 409 1853 concalucrunt,
433 1776 596 1834 restituunt
619 1792 650 1833 se
675 1793 708 1834 ac
725 1775 928 1852 revivescunt,
953 1781 986 1832 ut
1009 1771 1084 1831 solet
1107 1770 1245 1831 similiter
1270 1771 1337 1831 lieri

188 1881 217 1938 in
247 1882 358 1940 muscis
382 1899 457 1959 aqua
481 1883 602 1942 necatis.
649 1880 705 1941 hoc
730 1880 895 1941 iaciendum
921 1878 1084 1939 secundum
1109 1877 1202 1957 alme,
1231 1886 1267 1938 ut
1291 1897 1337 1938 re·

181 1985 360 2046 conciliatae
384 1984 419 2046 ad
444 2005 530 2046 suum
555 2005 689 2065 quaeque
713 2005 788 2064 opus
812 1993 841 2045 et
864 1984 1045 2045 domicilium
1069 1986 1200 2045 redeant.
1350 1987 1374 2027 ¹⁵

103 2093 180 2154 XVll
278 2093 393 2175 luter-ea
413 2094 491 2186 redit
510 2094 548 2187 all
565 2112 619 2187 nos
634 2093 709 2173 Pavo
730 2101 767 2184 et,
788 2093 819 2152 Si
837 2092 934 2174 vultis,
958 2094 1063 2172 inquit,
1082 2110 1206 2152 ancoras
1219 2091 1336 2172 tollere,

992 2171 1038 2184 ω-
1125 2160 1257 2181 uun-⁶

187 2197 253 2258 latis
291 2200 399 2260 tabulis
437 2203 552 2260 sortitio
589 2201 623 2260 lit
655 2200 801 2280 tribuum,
839 2219 872 2259 ac
905 2202 1003 2277 coepti
1036 2207 1106 2260 sunt
1137 2218 1152 2259 a
1186 2216 1335 2278 praecone

156 2308 365 2401 ,renuntiarb
393 2326 482 2386 quem
511 2326 645 2386 quaeque
672 2307 769 2368 tribus
798 2308 924 2367 iecerint
946 2306 1079 2367 aedilem.
1125 2306 1241 2384 Appius
1266 2325 1335 2367 con·

258 2572 273 2619 1
293 2567 437 2636 applicant
460 2567 549 2621 VAB
621 2568 787 2636 ostupesunt
804 2566 832 2621 A
900 2567 1149 2636 isubfumigando
1168 2567 1230 2621 AB
1250 2567 1336 2622 suffu-

186 2653 318 2723 migando
334 2655 362 2707 P
379 2654 648 2724 suffumigandumo
721 2656 952 2724 3apponendum
972 2655 1064 2710 VAB
1133 2656 1295 2726 timpastu
1309 2658 1337 2713 A

241 2749 256 2798 6
280 2743 454 2813 providerint
470 2745 503 2798 in
521 2745 623 2799 locooo
640 2761 690 2800 om.
710 2745 738 2798 Β
793 2751 809 2799 8
828 2747 984 2814 prostratae
1003 2749 1035 2800 ut
1054 2746 1174 2799 afflictae
1193 2745 1253 2799 PA
1272 2763 1337 2816 pro·

156 2834 290 2919 “stratae
316 2833 345 2886 et
368 2833 489 2889 afflictae
512 2835 540 2888 Β
562 2837 720 2903 prostratae
744 2836 776 2889 ut
799 2833 957 2889 afflictaco
1029 2834 1218 2904 colligendum
1245 2834 1336 2889 VAB

176 2916 230 3007 ’χ
257 2928 273 2976 9
294 2922 346 2976 ‘Ac
364 2923 461 2990 tepido
479 2940 567 2992 prono
586 2924 622 2978 ad
641 2923 792 2978 meridiem.
826 2924 917 2978 Locus
935 2925 1112 2992 depretiatus,
1131 2929 1162 2978 ut
1175 2925 1268 2992 focile,
1287 2926 1338 2994 qui

185 3029 204 3064 o
234 3017 312 3066 orate
330 3013 467 3080 odeodot,
491 3014 698 3068 animaduertat.
742 3013 823 3068 Vetus
841 3015 922 3068 etiam
942 3015 1018 3067 lectio
1032 3015 1211 3082 perturbato,
1237 3031 1272 3070 oc
1289 3017 1335 3069 ui-

187 3027 272 3179 ttlza,
295 3118 364 3170 quoe
386 3102 418 3154 io
441 3102 542 3170 optimo
566 3102 648 3155 etiam
670 3103 820 3170 cuempiam
838 3103 929 3157 mendi
947 3108 1040 3156 oolam
1058 3103 1213 3171 adpositam
1231 3105 1337 3159 habat:

185 3194 244 3243 edon
266 3195 356 3243 antem
379 3195 411 3244 ut
433 3191 620 3260 unisquisque
643 3193 675 3245 iu
693 3192 755 3260 ipso
771 3193 921 3261 purpoodo
939 3192 1080 3260 inpactum
1099 3208 1220 3247 exercere
1235 3195 1336 3262 poscit,

185 3292 246 3331 eunt
272 3278 325 3344 fide
348 3295 503 3348 proponam
517 3301 526 3333 .-
539 3278 580 3332 Ac
607 3280 703 3348 tepido
732 3297 859 3348 promum
889 3297 904 3334 e
928 3280 973 3333 die
996 3297 1081 3348 quam
1103 3279 1238 3348 maxime,
1267 3282 1334 3336 etc?

189 3364 326 3427 Victorius
407 3385 534 3437 promum
563 3385 578 3423 a
606 3369 651 3423 die
679 3386 763 3437 quam
792 3370 823 3423 io
850 3371 953 3423 locuou
980 3384 1031 3422 ont.
1058 3368 1086 3421 Β
1158 3386 1292 3438 promum
1321 3387 1337 3424 e

186 3454 232 3509 die
252 3454 311 3517 ΡΑ
333 3473 421 3526 prono
445 3457 482 3510 ad
500 3458 645 3513 meridiem
664 3476 679 3513 o
698 3459 779 3529 proin
798 3460 914 3513 meridie
933 3459 1046 3513 coniecit
1066 3458 1227 3512 Politioous
1303 3464 1337 3512 10

185 3544 326 3615 lepesbate
351 3547 378 3599 A
455 3545 531 3600 facto
554 3563 571 3600 o
593 3547 669 3602 facta
694 3549 784 3602 PAB
862 3545 1047 3601 ‘Infriandum
1070 3547 1154 3615 paulo
1177 3545 1256 3616 plus,
1281 3549 1337 3603 etc.

187 3634 235 3688 Sic
253 3626 286 3697 ies
303 3635 429 3689 omuibus
446 3649 532 3687 monn
550 3635 661 3702 scriptia
679 3638 792 3691 iouente
807 3659 814 3690 z
829 3643 920 3702 anteo,
938 3635 1144 3703 Infricouclum‚
1162 3636 1221 3690 uisi
1238 3636 1338 3705 failor,

185 3722 317 3779 meoaose’
335 3722 474 3776 Victorius
530 3727 562 3775 11
576 3725 828 3780 concutiendumA
880 3732 912 3778 12
928 3742 994 3779 uaso
1007 3724 1099 3778 PAB
1113 3742 1209 3780 uaseo
1254 3743 1336 3796 quse

186 3810 260 3865 enim
279 3810 318 3863 sio
344 3809 398 3862 VB
417 3825 473 3877 qua
491 3810 565 3864 enim
584 3811 643 3866 Am
701 3820 733 3869 13
752 3814 930 3868 reuiueacunt
948 3814 1008 3868 AB
1026 3814 1199 3868 reuiuiscunt
1221 3815 1249 3868 V
1302 3821 1336 3869 14

185 3898 288 3953 muscis
317 3899 372 3953 Vnt
395 3896 513 3969 musicis
535 3901 564 3953 B
586 3902 671 3955 musis
695 3902 723 3956 A
746 3919 815 3957 corr.
839 3903 942 3956 muscis
966 3901 1008 3955 Ai
1084 3902 1191 3957 necatis
1215 3921 1265 3960 mo
1286 3920 1334 3960 na-

184 3986 262 4058 gatis
279 3987 370 4042 PAB
441 3990 638 4045 reconciliatae
656 3989 684 4044 V
698 3990 878 4046 reconciliare
892 3992 985 4046 ABm
1004 4009 1073 4047 corr.
1092 3991 1277 4050 reconciliate
1292 3993 1332 4048 A·

257 4081 290 4131 15
309 4077 444 4135 comum
463 4097 590 4149 quaeque
613 4080 640 4133 V
655 4081 690 4134 ad
709 4096 918 4153 usum-quaque
937 4083 996 4137 AB
1068 4083 1118 4136 red
1134 4084 1139 4154 Ι
1154 4083 1244 4140 deant
1261 4085 1290 4138 A

230 4174 263 4221 16
277 4167 366 4222 iborea
380 4156 423 4225 Aa
453 4170 545 4238 inquit
559 4170 606 4224 Be
620 4169 718 4237 inquid
733 4171 790 4227 Pu
837 4171 972 4226 anchoras
994 4171 1078 4226 VAB
1125 4177 1158 4226 17
1172 4173 1292 4242 ceptiA

184 4270 202 4308 a
215 4271 352 4323 praecone
361 4257 390 4311 B
399 4267 421 4311 a
434 4274 554 4326 precone
570 4258 597 4311 V
608 4259 643 4312 ab
657 4256 795 4327 praeco'ne
806 4260 833 4313 A
884 4265 918 4315 18
932 4261 1111 4316 renuntiarit>
1124 4260 1225 4315 recinii
1238 4262 1332 4316 PAR.

186 4341 281 4398 ‘Vetus
303 4345 381 4399 lectio
404 4346 506 4401 uitiosa
529 4351 580 4412 est,
604 4352 628 4401 et
651 4353 700 4401 out
722 4349 781 4402 siue
805 4365 890 4403 causo
913 4368 931 4404 a
950 4352 1087 4404 communi
1104 4350 1261 4418 discrepat,
1286 4354 1334 4405 aad

183 4432 276 4501 siquid
294 4434 326 4486 io
343 4449 370 4487 se
388 4434 453 4488 boni
470 4435 558 4501 hebet
577 4435 619 4489 ito
636 4436 751 4490 maculis
769 4443 923 4506 coopertum
941 4439 1028 4508 babet,
1047 4443 1078 4494 ut
1096 4455 1115 4492 o
1128 4455 1169 4492 me
1182 4440 1258 4495 illud
1271 4439 1331 4495 erui
