3000 5026
188 369 253 433 258
679 367 866 422 VARRONIS

188 534 329 614 singulos,
344 534 415 594 alias
430 534 525 614 binos,
540 552 614 612 quae
629 535 825 594 ostenderunt
839 534 913 592 fetas
927 541 1054 614 nostras,
1069 533 1188 611 quaein
1200 533 1337 609 conopiis

161 645 289 708 tineent
316 642 380 702 dies
408 641 531 719 aliquot,
564 660 629 700 esse
657 640 810 701 eiuncidas
837 659 871 699 ac
898 638 1137 700 contemnendas.
1188 638 1244 698 Cui
1273 657 1337 717 ego,

187 749 287 828 Certe,
316 751 450 827 inquam:
479 767 546 808 nam
574 750 604 807 in
629 748 745 826 lilyrico
768 747 826 806 hoc
848 746 991 826 amptius,
1022 754 1212 824 praegnatem
1237 764 1336 826 saepe,

187 874 254 916 curn
278 858 359 915 venit
382 856 516 934 pariendi
540 863 666 936 tempus,
690 873 749 914 non
773 853 859 930 longe
883 852 919 912 ab
943 871 1033 932 opere
1058 853 1213 940 discedere
1232 852 1336 932 ibique

186 964 302 1022 enixam
326 980 452 1040 puerum
477 963 599 1043 referre,
624 980 711 1040 quern
731 979 790 1021 non
810 963 971 1039 peperisse,
995 960 1046 1019 sed
1066 961 1216 1020 invenisse
1236 970 1335 1038 putes.
1361 974 1369 1010 ε

187 1087 242 1128 nec
270 1087 330 1127 non
358 1071 447 1129 etiam
475 1069 543 1149 hoc,
573 1088 645 1148 quas
674 1070 803 1146 virgines
832 1067 873 1127 ibi
898 1066 1059 1146 appellant,
1088 1085 1147 1126 non
1171 1086 1334 1146 numquam

186 1193 332 1235 annorum
357 1179 473 1257 viginti,
500 1176 609 1255 quibus
634 1195 697 1268 mos
715 1182 825 1255 'eoqum
848 1193 916 1266 non
931 1174 1100 1263 denegavit,
1123 1183 1191 1258 err-te
1203 1176 1335 1254 nuptias

186 1291 220 1369 ut
247 1282 477 1367 succumberent
506 1282 614 1380 qudrus
643 1281 751 1341 veilent
779 1289 809 1341 et
837 1283 1016 1340 incomitatis
1043 1288 1076 1340 ut
1104 1282 1205 1358 vagari
1231 1281 1336 1342 liceret

140 1395 222 1458 10et
253 1388 329 1448 tilios
361 1388 480 1449 hahere.
529 1389 609 1459 Quae
643 1345 901 1448 {similtudinem
933 1389 1085 1466 pertinent
1116 1386 1274 1447 hominurn
1301 1407 1334 1448 ac

185 1497 303 1572 pecoris
329 1504 359 1556 et
383 1499 446 1556 sine
471 1496 585 1557 medico
609 1498 708 1555 curari
731 1498 860 1574 possint,
887 1497 1064 1571 magistrum
1087 1496 1199 1573 scripta
1223 1494 1333 1555 habere
1347 1506 1369 1544 ¹⁰

185 1610 310 1680 oportet.
363 1605 388 1662 is
421 1605 499 1663 enim
533 1605 597 1662 sine
625 1603 733 1663 litteris
760 1603 886 1662 idoneus
913 1620 972 1661 non
1001 1609 1060 1681 est,
1093 1600 1173 1679 quod
1201 1604 1333 1662 rationes

185 1707 348 1768 dominicas
367 1713 522 1787 pecuarias
541 1711 688 1770 conficere
707 1713 886 1789 nequiquam
906 1716 986 1768 recte
1007 1715 1113 1786 potest.
1151 1707 1188 1767 de
1208 1727 1332 1769 numero

185 1822 339 1893 pastorum
371 1817 420 1878 alii
452 1819 620 1896 angustius,
653 1817 703 1877 alii
731 1816 824 1877 iarius
853 1817 1035 1878 constituere
1063 1814 1168 1875 soient.
1220 1834 1275 1894 ego
1303 1818 1332 1874 in

185 1931 343 2001 octogenus
367 1923 461 1983 hirtas
484 1942 554 1983 oves
578 1923 710 2001 singulos
733 1931 867 2002 pastores
891 1924 1046 2002 constitui,
1070 1923 1186 1981 Atticus
1210 1923 1242 1980 in
1266 1940 1332 1981 cen·

138 2037 281 2096 11tenas.
332 2049 437 2110 greges
467 2033 565 2091 ovium
593 2032 643 2091 sed
672 2049 824 2110 magnum,
856 2049 931 2108 quos
958 2029 1099 2089 miliarios
1128 2029 1243 2088 iaciunt
1270 2030 1369 2107 qui-¹

185 2135 265 2216 dam,
298 2137 414 2197 facilius
447 2138 483 2198 de
516 2157 631 2199 summa
663 2138 816 2199 hominum
849 2137 1004 2198 detrahere
1036 2138 1144 2215 possit,
1177 2154 1269 2214 quam
1297 2135 1331 2195 de

257 2350 271 2394 1
292 2343 418 2413 singulas
437 2361 505 2399 corr.
528 2377 558 2384 —
578 2361 610 2399 os
624 2346 651 2397 A
724 2346 810 2399 bonos
830 2361 898 2399 corr.
918 2342 999 2397 binos
1013 2342 1041 2397 A
1112 2359 1184 2411 quae
1204 2344 1329 2398 ostende·

183 2432 249 2484 runt
262 2431 320 2485 Bne
340 2449 392 2502 que
408 2436 488 2487 osten
504 2435 508 2502 Ι
525 2434 559 2488 de
580 2432 640 2487 reni
659 2434 732 2500 runt,
751 2435 797 2486 sed
810 2432 870 2487 reni
884 2434 997 2486 deletum
1011 2431 1124 2498 Aquae
1139 2432 1294 2486 ostendunt
1310 2431 1335 2486 V

184 2538 256 2588 quoe
275 2522 453 2575 ostenderent
474 2523 620 2576 Incueedus
696 2522 785 2575 foetas
811 2522 836 2575 V
906 2519 1031 2589 conopiis
1051 2520 1143 2574 PAB
1163 2520 1331 2591 conopeisv

250 2608 396 2678 2aliqnot
414 2609 471 2662 VB
489 2609 602 2676 aliquod
615 2609 644 2662 A
705 2608 847 2663 eiunoidas
869 2609 1012 2664 Turnebus
1030 2610 1136 2668 adsere.
1168 2611 1329 2677 4,6lennn·

184 2697 261 2752 eidos
281 2697 370 2751 PAB
392 2697 449 2751 leni
470 2698 598 2754 'mucidus
621 2716 645 2754 u.
685 2697 885 2765 ‘Leunncides,
913 2715 946 2751 uc
972 2699 1198 2753 contemnendas.
1240 2699 1364 2753 Lorne:

184 2789 311 2856 turpibus
329 2789 444 2842 erueretis
462 2789 594 2857 foedatus,
613 2790 646 2844 de
663 2804 716 2858 quo
735 2793 798 2843 ante
817 2790 898 2842 etium
918 2788 1001 2842 incuti
1018 2803 1121 2853 snmus,
1140 2789 1369 2855 ruminatio,

182 2878 231 2945 qui
248 2878 311 2932 item
330 2880 372 2946 (ut
386 2879 495 2946 opinor)
509 2879 540 2931 iu
555 2880 643 2932 eodem
657 2879 739 2932 uerbo
753 2879 917 2947 inquinatus
931 2882 997 2942 erat,
1017 2891 1156 2946 ageremus
1174 2877 1216 2946 [I
1228 2880 1273 2946 31,
1287 2877 1321 2946 3]
1345 2922 1369 2933 -

185 2966 283 3021 Priene
306 2967 422 3034 fortasse
448 2967 528 3021 litera
550 2973 616 3021 notu
637 2968 690 3021 iiia
711 2972 762 3033 est,
787 2983 869 3036 quam
887 2982 965 3035 saepe
982 2966 1013 3019 in
1032 2966 1234 3033 antiquissimis
1253 2967 1369 3021 tibris.

182 3055 304 3109 diximus
321 3057 446 3109 inueniri
459 3075 469 3107 .·
482 3058 554 3124 quod
571 3057 596 3110 si
614 3058 791 3123 reciperetur,
810 3072 867 3110 non
885 3056 966 3109 uuide
984 3055 1151 3122 discreparet
1167 3070 1239 3122 neu,
1262 3072 1369 3125 quet-4

182 3144 361 3213 relinquitur,
384 3147 419 3199 ab
444 3163 488 3213 ea,
511 3162 592 3215 quam
611 3150 693 3198 antea
711 3146 743 3197 in
757 3147 848 3212 priuro
867 3146 937 3198 libro
955 3145 1113 3198 inuenimus
1126 3163 1135 3195 :
1148 3161 1214 3198 nam
1232 3161 1366 3214 θυμω

182 3229 355 3287 Eiuneietum
372 3237 443 3288 enim
461 3241 641 3301 carnuntum,
660 3233 718 3286 ete’
746 3234 883 3289 Victorius
954 3250 987 3287 ec
1006 3232 1226 3287 contemnendas
1248 3233 1276 3287 P
1295 3250 1369 3288 κ

182 3322 483 3390 contempnendasAB
497 3325 527 3376 et
536 3322 778 3377 contemnendaso
824 3323 1051 3391 3preegnuntem
1061 3338 1077 3376 u
1088 3337 1230 3391 praegnax
1239 3321 1369 3377 ΡΑ]

235 3415 252 3462 4
271 3426 333 3464 enm
352 3409 431 3464 uenit
453 3410 506 3463 VB
526 3411 656 3465 conuenit
670 3410 698 3464 A
752 3417 768 3464 6
786 3428 985 3480 nonnunquam
1003 3410 1059 3464 VB
1075 3427 1288 3480 nunnumqnam
1307 3414 1369 3465 ..A

235 3504 321 3552 inon
336 3499 488 3567 denegauit
507 3500 561 3553 Vrn
575 3515 666 3554 nonne
682 3498 833 3569 denegauit
846 3499 907 3553 AB
960 3509 976 3552 et
993 3502 1025 3554 ut
1037 3499 1254 3556 succumberent
1272 3501 1296 3554 V
1316 3497 1369 3552 J

181 3587 213 3640 ut
241 3589 403 3642 cumberent
424 3588 453 3642 A
546 3587 746 3643 incommitutis
769 3589 797 3643 A
887 3594 902 3642 9
935 3587 1007 3642 filios
1035 3586 1140 3643 hebere
1162 3590 1223 3644 AB
1256 3589 1369 3643 filici

180 3675 317 3730 haberent
348 3681 379 3730 ut
405 3677 514 3730 uidetur
536 3675 565 3729 P
591 3676 663 3732 filios
692 3677 830 3732 haberent
857 3695 872 3730 e
896 3675 997 3745 quibus
1026 3677 1173 3732 uellento
1264 3688 1369 3749 opt

181 3763 252 3817 coris
275 3764 304 3818 A
331 3780 398 3819 corr.
423 3782 456 3818 uc
478 3765 587 3834 pecoris
610 3766 651 3820 A²
724 3772 757 3820 10
785 3771 814 3821 et
836 3766 894 3820 sine
917 3766 1005 3820 VAB
1028 3782 1062 3820 oc
1085 3765 1144 3822 sins
1168 3784 1195 3822 m
1218 3770 1252 3822 ut
1269 3768 1369 3822 sil*

181 3853 328 3906 Iuenudus
399 3854 502 3925 curari]
527 3855 619 3909 curris
641 3856 668 3908 A
740 3856 848 3926 possint
871 3855 958 3908 VAB
982 3857 1101 3923 possunt
1122 3873 1150 3909 m
1224 3863 1257 3912 12
1278 3863 1369 3910 snt

180 3942 314 4011 quiquam
330 3942 358 3996 P
373 3944 570 4012 nequidquam,
588 3944 635 3998 sed
654 3942 672 3996 d
692 3929 805 3998 deletum
819 3944 846 3997 A
860 3942 1047 4012 nequicquam
1061 3943 1110 3998 Bu
1167 3951 1200 4000 13
1219 3947 1250 4000 in
1263 3946 1369 4000 hot

179 4033 296 4104 togenas
310 4034 405 4088 hortos
419 4033 448 4088 A
503 4038 536 4086 16
555 4050 654 4103 greges
668 4034 763 4087 ouium
778 4034 827 4086 sed
841 4050 974 4103 magnum
986 4032 1045 4086 PB
1060 4034 1153 4104 greg’e
1169 4033 1265 4090 ouium
1276 4053 1310 4089 ⁵
1327 4036 1369 4075 ⁴¹

178 4141 313 4193 magnum
325 4124 353 4176 A
373 4141 472 4194 greges
492 4124 587 4177 ouium
606 4123 655 4177 sed
673 4138 822 4191 mognosn
840 4121 871 4175 in
889 4121 1021 4191 gregibus
1041 4122 1136 4177 onium
1151 4125 1199 4178 sed
1216 4105 1369 4192 magati

180 4213 334 4267 Iucundus.
373 4213 509 4281 ‘Antiqua
528 4213 605 4267 tectio
623 4213 748 4281 diuersa,
767 4212 813 4265 sed
831 4227 900 4279 quae
919 4219 1049 4279 corrupta
1067 4214 1134 4267 adeo
1152 4215 1199 4282 sit,
1220 4220 1251 4268 ut
1264 4208 1369 4265 effi

179 4302 315 4367 replicare
328 4317 457 4369 nmuearn
466 4322 474 4353 :
483 4303 575 4371 ipsam
587 4302 632 4355 bic
646 4302 794 4370 adponam,
809 4299 913 4370 Greges
929 4299 1025 4355 ouium
1038 4301 1086 4354 sed
1101 4319 1243 4371 magnum
1265 4284 1369 4353 fin

178 4390 262 4441 mutto
272 4395 344 4457 poet,
358 4391 407 4444 ubi
420 4392 452 4443 in
465 4392 580 4458 escensis,
598 4391 731 4446 Possunt:
745 4393 777 4445 in
791 4392 1030 4460 iiieceruntque,
1044 4391 1149 4445 Possit’
1168 4389 1369 4447 Victoriae·

177 4477 291 4550 fortusse
310 4485 407 4548 greges
426 4481 520 4533 ouium
540 4480 563 4533 si
582 4482 647 4533 sunt
665 4480 768 4550 magni·
843 4487 876 4534 16
895 4481 984 4549 possit
1004 4479 1093 4533 PAB
1112 4482 1262 4550 possuntt
