3000 5026
116 206 180 269 180
606 202 791 258 VARRONIS

115 370 276 453 solstitiali,
300 378 333 431 ut
356 372 444 452 licus,
468 369 546 449 quod
572 370 661 430 densa
685 372 807 430 materia
831 388 890 429 non
914 377 960 430 est
983 377 1013 430 et
1035 369 1103 431 ideo
1126 371 1262 449 sequitur

116 479 271 540 caldorem.
319 496 335 538 a
363 496 422 556 quo
451 479 483 536 lit
512 479 598 537 utin
622 476 695 536 loeis
719 477 835 555 frigidis
858 478 943 537 ficeta
967 478 1032 537 lieri
1054 495 1114 537 non
1138 479 1263 557 possint.

116 605 192 665 aqua
228 586 343 645 recenti
379 585 470 643 insito
507 584 639 644 inimica:
676 583 817 644 tenellum
854 587 933 644 enim
967 586 1026 645 cito
1065 584 1135 644 lacit
1168 591 1263 663 putre.

91 700 109 755 2
122 696 222 772 itaque
242 689 308 772 [qui
327 689 372 767 lit]
393 690 543 750 caniculae
558 693 642 768 signo
657 690 895 751 commodissime
914 693 1100 751 existimatur
1114 710 1150 752 ea
1164 693 1264 752 inseri

118 819 192 878 quae
216 808 314 859 autem
338 807 443 859 natura
467 800 566 858 minus
589 805 659 858 sunt
683 796 789 878 mollia,
813 817 862 857 vas
886 797 1004 877 aliquod
1029 816 1118 877 supra
1138 797 1265 878 alligant,
1332 818 1338 858 ι

119 907 197 967 unde
221 905 313 965 stillet
336 905 414 966 lente
438 924 527 985 aqua,
550 922 587 964 ne
611 906 695 984 prius
719 914 871 965 exarescat
894 903 1048 986 surculus,
1078 922 1167 984 quam
1190 905 1265 965 eole-

119 1020 190 1074 scat.
242 1014 328 1073 cuius
360 1011 473 1073 surculi
506 1013 648 1074 corticem
681 1013 829 1089 integrum
864 1010 1041 1071 servandum
1069 1019 1100 1071 et
1126 1029 1197 1071 aum
1224 1013 1272 1071 sic

119 1121 337 1199 exacuendum,
363 1127 398 1179 ut
426 1137 484 1178 non
513 1118 646 1179 denudes
670 1118 836 1179 medullam.
882 1137 920 1178 ne
944 1119 1132 1178 extrinsecus
1155 1117 1276 1179 imbres

118 1235 246 1288 noceant
269 1233 321 1286 aut
343 1228 453 1286 nimius
472 1225 561 1305 calor,
585 1224 686 1303 argilla
705 1225 897 1285 ohliuendum
918 1244 952 1285 ac
971 1223 1047 1285 ntro
1066 1223 1280 1303 obligandum.

95 1336 224 1412 3itaque
257 1335 347 1393 vitem
379 1333 478 1392 triduo
506 1341 662 1410 antequam
689 1334 822 1392 inserant
850 1333 1001 1412 desecant,
1034 1339 1068 1392 ut
1096 1334 1149 1412 qui
1175 1335 1208 1392 in
1235 1350 1278 1392 ea
1304 1339 1327 1377 1⁰

121 1442 231 1501 nimius
255 1445 301 1500 est
325 1457 411 1500 umor
434 1439 557 1517 defluat,
581 1445 739 1517 antequam
763 1441 925 1521 inseratur3
949 1440 1054 1499 autin
1079 1457 1168 1518 quam
1192 1440 1280 1499 insc-

122 1555 205 1627 runt‚
233 1548 264 1606 iu
292 1564 326 1605 ea
354 1545 441 1624 paulo
468 1545 558 1626 inira,
589 1563 677 1623 quam
707 1546 831 1605 insitum
858 1553 917 1626 est,
945 1545 1094 1625 incidunt,
1123 1543 1182 1623 [in]
1213 1563 1284 1624 qua

123 1672 208 1714 umor
236 1653 419 1713 adventicius
443 1652 564 1712 ellluere
589 1653 692 1730 possit.
738 1660 841 1713 contra
864 1655 895 1712 in
919 1653 975 1713 srco
999 1659 1029 1713 et
1051 1652 1129 1712 malo
1153 1653 1290 1731 punica,

122 1768 153 1822 et
180 1763 264 1838 siqua
288 1761 375 1819 etiam
404 1759 511 1819 horum
534 1768 639 1820 natura
663 1761 805 1841 aridiora,
835 1763 985 1821 continno.
1031 1761 1062 1821 in
1086 1760 1152 1820 aliis
1177 1767 1296 1820 trans-

122 1865 282 1928 lationibus
320 1866 478 1926 videndum
515 1873 550 1926 nt
587 1866 664 1946 qnod
706 1868 864 1928 transierat
896 1866 954 1945 [in]
989 1885 1132 1928 cacumen
1165 1866 1326 1927 habeat·

122 1991 281 2055 gemmam,
304 1976 392 2034 utin
416 1974 487 2035 srcis.

97 2089 117 2146 4
216 2080 258 2141 lle
286 2079 333 2140 his
361 2083 466 2160 primis
494 2089 635 2159 quattuor
663 2081 823 2160 generibus
851 2083 998 2142 seminum
1023 2078 1169 2160 quaedam
1194 2079 1338 2160 quod

124 2188 263 2269 tardiora,
287 2187 416 2247 surculis
439 2189 537 2265 potius
562 2189 715 2270 utendum,
738 2197 771 2249 ut
794 2191 824 2248 in
845 2189 939 2249 ficetis
958 2190 1079 2248 iaciunt.
1125 2188 1176 2247 fici
1195 2188 1338 2247 enin

125 2312 227 2355 semen
252 2293 386 2354 naturale
409 2295 491 2353 intus
515 2295 546 2352 in
570 2312 604 2353 ea
628 2295 692 2376 fico,
717 2313 805 2373 quam
825 2295 950 2377 edimus,
974 2313 1049 2374 quae
1069 2302 1141 2354 srrnt
1160 2296 1337 2355 minent

124 2419 223 2480 grana,
248 2419 264 2460 e
289 2400 397 2479 quibus
417 2402 515 2478 parvis
534 2400 612 2479 quod
633 2402 733 2460 enasci
752 2401 870 2462 coliculi
889 2404 936 2462 vin
955 2409 1070 2481 queunt
1091 2414 1151 2457 -t
1175 2404 1334 2461 θιιιιιῖ

125 2510 204 2568 enim
233 2509 345 2568 minuta
374 2515 404 2567 et
426 2506 507 2566 arida
531 2505 566 2566 ad
591 2506 785 2568 crescendum
810 2509 906 2590 tarda,
934 2527 968 2569 ea
991 2527 1066 2587 quae
1089 2508 1217 2589 laxiora,

197 2740 213 2786 3
237 2748 310 2801 aqua
327 2730 433 2786 recenti
455 2729 540 2786 insito
564 2731 677 2787 inimica
704 2732 835 2802 Ilaeophr.
859 2750 932 2788 caus.
952 2734 1044 2804 pleat.
1063 2735 1085 2786 Ι
1102 2740 1129 2803 6,
1150 2739 1168 2788 6

126 2821 220 2877 omnia
238 2821 311 2876 enim
331 2820 440 2876 minuta
461 2821 593 2903 ,Theoplau
613 2837 686 2877 caus.
702 2821 793 2891 plcet.
813 2821 835 2874 I
849 2827 877 2889 8,
895 2825 912 2875 t

199 3042 213 3089 1
246 3033 392 3090 solsticiali
420 3034 448 3090 A
520 3041 535 3088 2
564 3034 706 3088 caldorem
735 3035 883 3091 lucendus
910 3035 1061 3090 caldionem
1089 3036 1181 3091 PAR
1208 3049 1292 3090 effi

127 3125 264 3178 dioremu
336 3129 352 3178 4
372 3123 421 3192 qui
438 3124 471 3177 fit
489 3122 632 3179 caniculae
652 3122 732 3192 signo
747 3124 837 3178 PAR
856 3139 927 3191 qnae
945 3124 978 3179 flt
995 3124 1142 3180 caniculae
1160 3125 1286 3196 sign(

128 3213 203 3282 quod
225 3212 357 3269 inseritur
381 3210 523 3267 caniculae
548 3210 627 3281 signo
647 3211 815 3267 Iucundos.
833 3213 932 3268 ‘Vetus
954 3214 1044 3281 lectio,
1070 3213 1125 3279 Qui
1147 3215 1181 3269 fit
1198 3229 1273 3269 aa

128 3303 209 3357 culae
227 3302 290 3356 etc’
317 3302 456 3356 Victorius
528 3298 702 3354 existimatur
724 3300 816 3355 PAB
840 3301 1073 3358 existimenturv
1148 3309 1164 3357 6
1188 3299 1274 3358 col

127 3428 175 3482 cal
189 3427 277 3483 PAB
291 3425 431 3481 coalescat
444 3442 492 3479 me
543 3387 679 3482 reorte¹1⁰n
692 3425 720 3480 B
774 3425 948 3496 turgidam,
963 3429 1009 3482 sed
1023 3446 1051 3480 m
1065 3429 1181 3483 deletum
1194 3425 1233 3482 A

129 3523 162 3570 10
180 3516 268 3570 uitem
291 3515 383 3569 triduo
402 3514 483 3570 ABe
503 3513 589 3568 uilem
614 3533 677 3570 eum
694 3514 787 3570 triduo
808 3516 863 3569 Pm
917 3519 949 3570 ut
967 3515 1063 3586 quiin
1082 3534 1119 3572 ea
1131 3518 1239 3572 A²mv

129 3606 204 3674 quod
223 3620 256 3658 aa
270 3602 360 3657 PAB
433 3607 466 3656 11
487 3619 567 3657 umor
582 3604 642 3659 ΡΑ
659 3606 760 3659 humor
774 3606 822 3659 Be
896 3604 1001 3658 defluat
1018 3622 1045 3659 m
1059 3605 1171 3661 diffluat
1189 3598 1255 3673 VA

199 3693 228 3746 in
248 3709 303 3761 qua
321 3690 448 3746 inserunt
469 3691 556 3747 VAB
630 3700 663 3747 12
682 3693 711 3746 in
730 3693 775 3764 ea]
796 3693 826 3747 in
845 3710 901 3760 qua
919 3710 960 3761 ea,
980 3695 1026 3748 sed
1045 3711 1101 3762 qua
1119 3695 1235 3750 delatum

202 3788 234 3836 13
257 3796 337 3835 umor
355 3780 412 3836 PA
430 3782 530 3837 humor
548 3783 597 3837 Bo
670 3782 744 3837 malo
763 3781 866 3852 punica
888 3783 915 3835 V
931 3782 1005 3836 malo
1024 3782 1128 3851 punico
1143 3783 1204 3838 AB

130 3877 163 3926 14
190 3870 312 3926 aridiora
329 3871 390 3927 AB
413 3869 517 3925 aridior
542 3872 567 3925 V
635 3870 866 3927 mansiationibns
886 3870 967 3925 ABo
979 3889 1009 3927 ,s
1032 3877 1096 3926 cate
1114 3873 1124 3925 l
1143 3873 1238 3927 subduc

128 3963 237 4029 lineola,
255 3966 287 4017 ut
304 3966 370 4016 esset
388 3958 616 4028 tronlationlbus,
635 3961 742 4015 notauit
756 3960 785 4014 P
839 3963 871 4013 15
891 3959 1043 4014 transferat
1056 3960 1117 4014 AB
1139 3960 1233 4015 Victou'

126 4051 284 4107 transferal'
303 4052 328 4106 la.
348 4068 368 4104 e.
388 4050 571 4104 transferetur
595 4049 621 4102 V·

202 4147 233 4195 17
254 4141 289 4193 de
307 4138 351 4191 his
370 4137 450 4192 Ano
470 4138 504 4191 de
523 4137 558 4192 iis
580 4138 607 4191 P
668 4137 766 4208 primis
785 4140 881 4194 delevit
902 4138 1038 4194 Gesnerus
1110 4140 1220 4206 quedam

129 4228 367 4296 eorr.quori1dam
383 4226 423 4280 A'
485 4232 516 4281 18
536 4227 662 4282 surculus
681 4244 749 4283 corr.
766 4261 799 4268 -
814 4227 849 4281 lis
864 4229 892 4282 B
946 4227 1042 4284 feeetis
1063 4245 1131 4284 corr.
1147 4231 1215 4283 ficet-i

200 4322 232 4370 21
252 4315 347 4389 tarda]
366 4316 462 4371 tardat
479 4317 506 4370 B
