3000 5026
447 335 603 394 oseem
621 334 792 392 everrere
812 335 840 392 e.
864 336 1030 394 158-161
1082 321 1085 326 ’
1260 335 1323 400 107

181 507 347 585 tetigerint,
377 505 407 565 id
440 524 529 566 manu
557 506 708 584 prehende
737 512 767 565 et
794 504 915 564 dextera
954 484 1073 565 sinistra
1105 505 1256 585 praecide,
1287 502 1324 566 ad

179 613 282 675 luxum
307 620 357 674 aut
380 613 417 673 ad
440 614 601 674 fracturam
624 610 724 692 alliga,
748 631 852 678 sanum
871 612 930 674 liet.
972 621 1003 673 et
1021 620 1120 673 tamen
1134 614 1242 674 cotidie
1257 632 1324 674 can·
1394 613 1396 618 ’

179 728 242 782 tato
264 723 296 780 in
318 720 375 781 alio
399 739 422 781 s.
439 721 464 798 gl.
488 719 534 780 vel
556 719 665 781 luxato.
707 720 752 781 rel
775 720 832 781 hoc
856 699 956 801 modo,
979 721 1051 783 huat
1074 721 1163 781 hauet
1182 721 1253 782 huat
1268 724 1324 783 ista

179 829 258 906 pista
285 831 357 888 sista
384 827 518 888 dannabo
546 827 739 907 danuaustra,
768 835 797 888 et
825 826 933 888 lrvxato.
975 827 1021 888 vel
1044 828 1100 889 hoc
1125 829 1224 911 modo,
1252 829 1323 890 huat
1360 864 1366 874 .

150 932 253 994 shaut
274 933 347 994 haut
369 936 468 995 istasis
492 936 579 995 tarsis
603 934 792 995 ardannabou
817 935 1004 995 darmaustra.

226 1037 228 1041 ’
269 1043 436 1121 Asparagus
460 1060 519 1122 quo
543 1042 629 1103 mode
653 1050 778 1102 seratur.
820 1041 917 1102 locum
941 1042 1079 1121 subigere
1103 1034 1420 1126 oporter'bene,0hX1

179 1151 233 1228 qui
256 1148 362 1209 habeat
384 1167 531 1230 umorem,
556 1158 607 1210 aut
629 1149 727 1210 loeum
741 1167 884 1210 erassum.
928 1149 980 1209 ubi
994 1153 1052 1210 erit
1067 1150 1216 1231 subactus,
1240 1171 1324 1214 areas

178 1255 284 1334 facite,
312 1262 346 1316 ut
373 1257 470 1334 possis
499 1256 602 1316 dextra
631 1258 810 1335 sinistraque
834 1257 927 1316 sarire
951 1274 1090 1337 runcare,
1119 1276 1156 1318 ne
1184 1258 1324 1320 calcetur.

177 1379 249 1422 cum
277 1379 360 1422 areas
388 1362 579 1443 deformabis,
608 1362 795 1434 intervallum
819 1363 907 1450 incito
930 1365 1009 1423 inter
1036 1382 1119 1425 areas
1143 1366 1324 1445 semipedem

134 1488 161 1525 ro
176 1467 272 1527 latum
295 1470 326 1528 in
350 1487 452 1529 omnes
476 1478 583 1548 partes.
625 1469 731 1529 deinde
751 1471 855 1549 serito,
879 1469 914 1529 ad
936 1469 1043 1531 lineam
1063 1472 1129 1550 palo
1150 1491 1240 1551 grana
1255 1473 1323 1534 bina

176 1580 230 1634 aut
253 1582 338 1635 terna
362 1575 509 1637 demittite
534 1584 563 1646 et
586 1576 690 1636 eodem
717 1575 784 1654 palo
812 1595 916 1637 cavum
945 1584 1026 1638 terra
1049 1581 1172 1657 operite.
1215 1581 1322 1640 deinde

176 1699 269 1760 supra
294 1700 377 1742 areas
401 1690 516 1744 stercus
540 1685 670 1762 spargite
690 1682 773 1743 bene.
816 1685 907 1743 serito
923 1685 1085 1745 secundum
1101 1689 1322 1765 aequinoctium
1342 1687 1360 1744 2

174 1807 313 1849 vernum.
355 1789 406 1850 ubi
437 1793 494 1851 erit
522 1798 636 1870 natum,
669 1789 777 1849 herbas
805 1789 911 1850 erebro
939 1801 1065 1870 purgato
1093 1802 1255 1874 cavetoque
1285 1813 1322 1854 ne

105 1876 110 1883 ⁵
175 1913 340 1974 asparagus
364 1915 422 1956 rma
446 1915 515 1958 cum
537 1896 629 1957 herba
653 1896 786 1956 vellatur.
829 1914 887 1975 quo
911 1915 988 1957 anno
1004 1901 1128 1980 severis,
1152 1902 1322 1960 stramentis

131 2027 158 2066 rs
173 2019 233 2080 per
256 2002 384 2063 hiemem
412 2006 541 2084 operito,
569 2021 606 2063 ne
629 2011 797 2081 peroratur.
840 2004 946 2063 deinde
976 2007 1073 2083 primo
1100 2024 1170 2066 vere
1199 2008 1321 2086 aperito,

174 2112 272 2171 sarito
295 2118 487 2190 runcatoque.
529 2118 596 2188 pest
619 2128 729 2170 annum
752 2113 887 2190 tertium,
911 2129 999 2190 quam
1023 2116 1147 2195 severis,
1171 2113 1322 2174 incendite
1374 2187 1377 2193 ¹

251 2323 268 2372 6
287 2321 447 2388 Aspsregus
467 2335 522 2386 que
540 2317 623 2373 modo
642 2320 749 2374 seratur
769 2319 845 2375 Plin.
865 2324 982 2387 19,147

172 2555 241 2608 cers
261 2549 408 2621 tetigerint
427 2550 496 2604 Pes
513 2550 542 2603 ee
560 2533 649 2605 snm
667 2538 757 2606 ariam
775 2551 922 2621 tetigerint
939 2551 966 2604 A
985 2554 1015 2606 er
1033 2551 1150 2606 siceram
1169 2551 1333 2622 tetigeritf

173 2647 207 2696 et
225 2642 345 2696 alteram
363 2640 454 2694 altera
472 2637 620 2707 tetigerint
637 2657 653 2693 e
737 2647 751 2694 1
771 2642 911 2710 prehende
933 2640 991 2693 PR
1009 2641 1119 2710 pheudo
1137 2642 1165 2695 A
1183 2640 1287 2710 prende
1306 2656 1321 2692 o

257 2747 372 2802 dextero
393 2745 439 2799 Pe
458 2731 541 2800 dexia
559 2746 586 2799 A
605 2746 703 2801 dextra
722 2747 776 2812 bfo
859 2754 875 2800 4
895 2747 1024 2803 dannabo
1043 2749 1214 2804 dannaushe
1228 2749 1323 2817 priore

173 2839 235 2892 loeo
257 2837 285 2889 P
301 2835 429 2890 damnabo
448 2835 618 2888 donnaustra
637 2837 664 2887 A
682 2835 821 2889 damnabo
841 2835 1056 2891 damnaustrab
1079 2837 1199 2892 damabo
1218 2837 1322 2892 danau-

174 2929 271 2980 strac
297 2924 427 2994 dispnabo
454 2923 624 2977 anaustrn
648 2923 666 2989 f
693 2920 824 2976 dnmiobo
852 2923 1047 2978 demonstran
1155 2927 1231 2979 Huet
1253 2928 1323 2979 haut

173 3017 250 3070 haut
272 3014 365 3068 istasis
391 3012 474 3067 tarsis
501 3010 682 3065 ardannnbou
711 3011 880 3064 donnaustra
903 3011 1095 3080 (demnaustra
1123 3014 1138 3067 b
1170 3014 1322 3067 denaustre

174 3107 202 3174 c)
230 3105 378 3172 posteriore
405 3104 461 3156 loco
487 3100 546 3154 PR
578 3101 672 3154 huet·
695 3099 766 3152 haut
785 3127 791 3139 ·
810 3099 880 3153 hant
904 3127 910 3140 ·
934 3097 1028 3152 istasis
1053 3128 1059 3140 ·
1082 3099 1166 3154 tersis
1191 3128 1197 3140 ·
1222 3099 1321 3154 ardan-

174 3193 252 3248 nabo
280 3210 307 3246 u.
335 3193 427 3246 danna
455 3192 532 3244 ustrn
550 3189 577 3242 A
609 3188 686 3243 Haut
712 3188 783 3242 haut
809 3188 880 3242 haut
903 3187 1000 3256 lelegis
1028 3187 1113 3241 bursis
1140 3187 1321 3243 ardennabon

174 3270 392 3336 demonstran

252 3377 268 3425 6
287 3372 319 3426 R.
339 3368 489 3423 CLXVIlII
508 3369 667 3438 Asparagus
687 3368 826 3437 quomodo
846 3369 954 3422 sember
972 3368 1104 3437 (serrator
1121 3369 1160 3437 A)
1180 3369 1261 3424 AVb

174 3464 341 3529 Asparages
359 3475 415 3527 quo
435 3459 517 3512 modo
537 3459 644 3512 seretur
665 3460 727 3525 posi
748 3457 889 3511 rubricam
907 3473 956 3510 orn.
976 3455 1077 3525 VAR,
1101 3459 1164 3512 edd:
1187 3456 1322 3514 Genderros

271 3549 450 3602 ‘lhumorem
472 3546 560 3600 VAR
668 3547 717 3599 aut
738 3544 801 3600 locui
825 3548 903 3612 (corr.
923 3546 995 3614 loeo)
1020 3563 1112 3600 crasso
1130 3547 1157 3600 A
1185 3550 1235 3602 aut
1259 3549 1320 3604 loco

175 3655 274 3694 crasso
297 3636 364 3691 Vn:
388 3636 422 3703 cf.
442 3637 516 3693 Ptin.
536 3640 580 3701 19,
600 3639 653 3689 147
671 3634 763 3688 locum
782 3632 874 3703 subigi
891 3633 971 3689 iubet
988 3635 1114 3691 umidum
1133 3639 1181 3691 aui
1200 3653 1321 3692 crassum

259 3726 379 3781 8serire
400 3725 491 3778 PAR
509 3725 641 3779 sarrireo
719 3729 752 3776 10
771 3740 866 3778 omnes
889 3723 944 3777 VR
963 3730 1024 3780 enTs
1042 3726 1070 3779 A
1162 3732 1192 3780 11
1212 3728 1321 3782 terrac

174 3820 272 3872 terrae
292 3815 321 3869 P
340 3817 414 3869 terre
433 3814 504 3881 Acf
527 3814 634 3886 terrpb
744 3818 776 3866 13
796 3814 961 3884 cavetoque]
981 3815 1073 3869 enveri
1091 3833 1126 3871 ne
1146 3834 1208 3871 eum
1227 3816 1321 3872 herbis
1380 3799 1388 3812 ⁶

174 3905 319 3962 evellatur
337 3919 489 3973 asparagus
509 3903 623 3956 Plinius
716 3908 749 3954 14
768 3901 939 3972 stramentis]
960 3906 1151 3959 sustramentis
1171 3906 1229 3959 PR
1248 3925 1322 3962 snm-

174 3992 340 4050 stramentis
351 3994 378 4045 A
397 3991 608 4046 substramentis
626 4007 650 4044 o.
675 3988 765 4059 primo
785 4005 857 4044 anno
876 3993 1029 4045 stramento
1048 3992 1084 4046 ab
1102 3992 1192 4047 hieme
1211 3995 1321 4064 protegi

175 4084 296 4138 Plinius
387 4087 420 4134 15
438 4080 560 4134 hiemem
578 4080 626 4133 Ab
652 4078 780 4147 hyemem
803 4077 866 4145 ch
954 4080 1101 4148 peroratur
1119 4081 1137 4145 f
1158 4083 1321 4148 praestatur

180 4173 250 4226 th
269 4171 436 4240 perurantur
453 4169 481 4222 A
572 4173 604 4220 16
624 4167 709 4222 serito
721 4171 898 4235 runcatoque
917 4167 976 4220 AR
988 4167 1065 4234 Vici,
1084 4167 1238 4237 sarritoque
1257 4187 1321 4222 run·

172 4264 299 4329 cetoque
323 4259 353 4315 V.
392 4258 501 4312 ‘Sariio
519 4257 699 4324 runcatoque.
742 4256 828 4310 Vnico
845 4262 952 4310 iontem
970 4273 993 4325 r,
1012 4257 1062 4331 boe
1079 4259 1191 4312 nerbnm
1208 4259 1321 4327 scripsi:

171 4354 208 4407 in
227 4351 273 4404 bis
291 4349 362 4424 enim
381 4348 579 4416 antiquissimis
598 4347 690 4415 libris,
714 4345 811 4415 qnibns
831 4347 868 4398 cd
891 4346 941 4399 boc
958 4363 1059 4400 mnnns
1076 4363 1143 4401 nsns
1160 4364 1233 4414 snm,
1255 4364 1321 4402 sern-
1428 4403 1435 4412 ,,

165 4458 226 4512 per
245 4441 290 4493 ito
307 4439 438 4506 scriptnm
456 4435 617 4490 cisernoni'
643 4435 781 4488 Victorius
865 4473 866 4476 η
