3000 5026
392 328 522 383 RERVM
540 327 775 384 RVSTICARVM
793 329 859 385 LIB.
879 329 919 383 111
940 326 980 383 16
1205 330 1270 395 305

126 495 204 555 idem

259 598 369 663 ἵππων
393 595 454 682 μὲν
477 600 602 682 σφῆκες
625 597 734 682 γενεά,
758 594 893 683 μόσχων
917 596 954 664 δὲ
977 597 1137 683 μέλισσαι.

122 728 176 771 eae
204 727 275 787 apes
303 727 362 769 non
386 717 457 770 sunt
480 709 610 770 solitarie
634 720 751 790 nenne,
782 718 816 770 ut
839 710 967 791 aquilae,
995 711 1046 771 sed
1071 719 1103 770 nt
1126 709 1268 771 homines.

121 816 203 895 quod
233 818 257 876 si
287 815 344 895 [in]
374 816 429 877 hnc
457 816 570 877 faciunt
594 818 682 877 etiem
706 817 833 897 gaagni,
862 824 891 877 at
913 835 972 877 non
996 817 1088 897 idem,
1118 817 1197 896 qu'od
1220 817 1269 876 hie

86 923 253 982 senciens
284 925 384 1002 operis
416 932 446 983 et
478 924 694 1002 aedificiorum,
727 924 804 1001 quod
838 923 897 984 illic
930 943 989 984 non
1022 932 1080 1005 θεῖς
1113 923 1161 983 hie
1194 926 1269 984 ratio

117 1037 214 1108 atque
247 1048 308 1110 ars,
341 1030 377 1090 ab
412 1029 458 1090 his
490 1048 566 1108 opus
598 1031 695 1091 secere
728 1030 860 1110 discum,
893 1030 929 1090 ab
957 1031 1003 1090 his
1031 1031 1200 1110 aedificare,
1233 1030 1268 1091 ab

35 1139 40 1145 '
116 1135 170 1196 his
204 1135 315 1196 cibaria
348 1137 484 1196 candere.
535 1139 592 1197 tria
624 1138 702 1197 enim
736 1135 854 1216 harum,
892 1136 989 1217 cibus,
1027 1138 1145 1217 domm,
1185 1142 1298 1218 opus,5

115 1261 222 1321 neque
258 1243 338 1303 idem
375 1243 453 1322 qued
490 1243 575 1305 cibus
607 1262 688 1323 aena,
724 1262 780 1304 nee
813 1243 892 1322 quod
924 1244 958 1302 e'a
990 1243 1061 1323 mel,
1098 1262 1152 1304 nec
1190 1245 1268 1322 quod

112 1349 239 1409 domus.
286 1367 344 1409 nen
374 1352 404 1409 in
433 1350 496 1409 favo
521 1350 712 1428 sexangulis
736 1349 822 1429 aelle,
852 1350 975 1410 totidem
998 1356 1070 1428 quot
1093 1349 1182 1410 habet
1204 1352 1267 1428 ipsa

57 1470 92 1508 ιο
111 1453 237 1535 pedes?
265 1456 344 1534 quod
372 1464 539 1534 geometrae
568 1454 742 1535 hexagonon
770 1457 835 1516 fieri
862 1459 893 1516 in
922 1455 989 1516 orbi
1015 1456 1146 1517 rutundo
1171 1464 1267 1517 nstan-

112 1563 211 1643 dunt,
240 1570 274 1623 ut
297 1563 457 1642 plurimum
481 1563 539 1622 leci
561 1563 739 1623 includatur.
785 1562 857 1623 foris
881 1571 1058 1644 pascuntur,
1087 1566 1168 1624 intus
1193 1583 1268 1643 opus

111 1670 249 1751 faciunt,
278 1671 355 1749 quod
389 1670 593 1730 dulcissimum
623 1671 700 1749 qnod
729 1678 787 1749 est,
815 1677 845 1729 et
872 1669 937 1729 deis
965 1678 994 1730 et
1021 1669 1190 1732 hominibus
1223 1680 1269 1732 est

110 1784 292 1856 acceptum,
322 1777 400 1856 quod
429 1777 512 1836 favus
536 1779 616 1837 venit
643 1779 673 1836 in
702 1777 803 1837 alienia
832 1786 862 1837 ei
890 1777 948 1837 mel
972 1778 1007 1837 ad
1031 1780 1176 1856 principia
1199 1797 1267 1839 aen-

107 1885 180 1943 vivi
209 1891 241 1944 et
267 1886 298 1943 iu
321 1884 487 1965 ¹secundam
516 1902 647 1944 mensam
675 1884 907 1946 administratur.
955 1885 1025 1944 haec
1053 1892 1087 1944 ut
1115 1885 1297 1946 hominumss

62 1977 82 2038 ¹5
106 1992 272 2070 civitates,
301 1990 379 2069 quod
407 1990 455 2050 hic
484 1999 530 2050 est
560 1998 665 2050 atrax
689 1993 899 2069 eiimperium
924 1997 954 2049 et
978 1992 1112 2051 societas.
1159 1991 1266 2070 [qued]

95 2105 266 2158 secuntur
290 2098 387 2157 omnia
411 2115 494 2175 pura.
540 2099 640 2176 itaque
666 2097 743 2157 nulla
768 2097 873 2156 hurum
896 2096 1005 2156 adsidit
1028 2098 1059 2157 in
1082 2097 1146 2158 leco
1171 2100 1267 2177 inqui·

91 2213 191 2265 nate
220 2211 271 2264 aut
300 2221 334 2263 eo
363 2205 415 2281 qui
443 2203 517 2263 male
546 2203 634 2282 oleat,
664 2223 760 2283 neque
789 2206 877 2264 eliam
907 2206 937 2263 in
966 2222 1001 2263 ee
1029 2207 1081 2282 qui
1110 2204 1184 2265 bene
1208 2205 1268 2264 olet

86 2320 283 2390 unguenta,
316 2311 415 2389 itaque
435 2313 471 2371 iis
491 2319 599 2372 nimius
619 2313 669 2389 qni
684 2313 817 2391 accessit,
837 2318 984 2389 pungunt,
1003 2329 1072 2390 non,
1091 2319 1125 2372 ut
1139 2330 1267 2394 muscae,

194 2569 228 2616 16
246 2561 343 2630 itaque
363 2561 441 2617 nulla
458 2561 558 2616 harum
577 2562 676 2618 assidit
693 2579 804 2634 acopon.
826 2564 857 2618 X
863 2564 888 2618 V
904 2568 931 2634 3,
949 2568 967 2618 4

57 2815 228 2858 Semnum
252 2810 395 2873 praeterea
421 2804 508 2857 ullum
536 2803 662 2857 idoneum
691 2803 777 2858 habet.
818 2803 908 2857 Notae
935 2819 1004 2870 qnae
1021 2819 1075 2871 pro
1098 2804 1149 2856 illu
1171 2803 1268 2857 inueni

55 2898 249 2948 occeanum
272 2894 434 2962 exprimam,
458 2891 610 2959 Papianem
629 2889 718 2944 mina:
738 2921 772 2929 —
791 2891 863 2959 qued
882 2888 1040 2959 φθιμένης,
1063 2907 1145 2960 quam
1164 2894 1267 2958 φθινο·

54 2979 208 3051 μένης
232 2983 347 3037 snubere
374 2982 475 3048 malni,
504 2981 567 3034 dedi
589 2981 620 3033 id
643 2980 819 3048 antiquorum
842 2980 974 3033 librorum
998 2980 1157 3033 auctoritati
1164 2978 1171 3004 ’
1203 2979 1266 3033 Vie-

53 3068 210 3124 torius
280 3067 483 3139 πεπλανημένα
502 3069 625 3139 Scaliger
681 3067 789 3122 lidem
808 3067 1031 3136 h..ipp0mens
1049 3067 1146 3136 piches
1165 3082 1267 3136 genea-

52 3165 184 3211 nos
202 3160 325 3214 ahondae
344 3159 473 3214 melissae
493 3159 600 3213 duabus
620 3158 717 3211 litteris
733 3156 828 3226 pesth
842 3157 935 3211 deletis
949 3156 977 3210 A
992 3156 1067 3208 idem
1082 3155 1266 3225 hipponiense

60 3291 218 3361 pinnas
237 3317 327 3370 ganea
345 3248 669 3357 moechondaleleeliinledem
688 3296 780 3352 ἱππῶν
799 3317 851 3367 μεν
870 3298 977 3366 σφῆκες
996 3295 1081 3367 γενεὰ
1101 3300 1212 3368 μοσκῶν
1232 3296 1265 3353 δὲ

70 3391 247 3452 naissum
271 3390 304 3458 V,
323 3392 372 3445 ubi
390 3393 482 3444 ἵππων
502 3387 554 3459 μὲν
572 3395 598 3444 et
616 3389 727 3458 μοσχῶν
746 3389 863 3442 correxit
883 3388 910 3440 P
981 3395 996 3441 3
1023 3405 1071 3442 eae
1093 3388 1150 3442 PB
1169 3389 1221 3442 hee
1239 3405 1267 3442 m

78 3472 126 3522 02*
172 3479 202 3533 in
218 3495 319 3534 rasura
337 3481 365 3534 A
387 3480 474 3534 haee
566 3479 674 3547 4quod
697 3477 721 3530 si
738 3477 792 3530 hoe
811 3476 956 3532 iucundus
1046 3477 1157 3546 graguli
1175 3477 1267 3532 PAB

88 3568 280 3626 graeculis
363 3569 393 3620 ai
416 3586 471 3623 non
494 3568 545 3622 VB
565 3568 688 3622 autnon
708 3565 766 3619 Ana
848 3564 933 3619 ahia
952 3565 1024 3620 ratio
1047 3566 1102 3620 VB
1121 3565 1167 3620 ine
1187 3571 1265 3635 (corr.

98 3642 199 3709 (hine
220 3656 272 3724 An)
295 3657 367 3711 ratio
386 3657 413 3709 A
438 3657 503 3710 hine
526 3658 599 3711 ratio
622 3674 647 3709 m
737 3656 821 3722 atque
839 3655 888 3708 Ba
912 3655 1002 3723 adque
1021 3655 1078 3708 PA
1169 3663 1184 3710 6
1208 3656 1264 3726 ars]

109 3742 193 3810 iariis
209 3745 237 3798 B
328 3751 432 3799 8cera
454 3761 505 3798 nee
528 3745 603 3813 quod
628 3760 661 3798 ea
683 3743 740 3796 mel
758 3743 785 3796 B
810 3759 891 3798 eaera
908 3760 999 3812 neque
1018 3744 1093 3811 quod
1111 3761 1144 3797 ea
1163 3745 1219 3798 mel
1243 3744 1270 3797 V

121 3838 189 3885 nera
208 3850 260 3888 nee
284 3833 359 3901 quod
380 3834 432 3886 hee
451 3847 485 3886 ea
502 3833 560 3887 mel
577 3833 605 3887 A
623 3833 697 3900 quod
715 3830 785 3885 haee
805 3848 838 3885 ea
856 3833 957 3886 melna
1046 3849 1098 3888 nea
1117 3834 1191 3903 quod
1210 3835 1266 3888 mel

10 3932 20 3955 ²
132 3913 221 3976 (lomus
241 3923 389 3976 lucendus
475 3921 627 3976 atotidem
647 3925 716 3990 quot
734 3921 783 3974 Be
802 3921 921 3975 totidem
941 3922 1016 3989 quod
1037 3922 1094 3975 PA
1180 3922 1267 3977 habet

133 4003 187 4079 ipsa
208 4011 294 4081 pedes
314 4011 373 4064 AB
391 4011 477 4064 habei
495 4011 580 4080 pedes
603 4011 629 4064 V
699 4016 731 4064 10
756 4009 877 4064 rutundo
896 4010 953 4063 PA
972 4009 1092 4063 rotundo
1110 4010 1159 4062 Bn
1232 4017 1265 4063 12

134 4097 225 4154 fatiunt
243 4101 271 4154 A
352 4101 411 4155 deis
434 4099 490 4154 VB
510 4100 563 4153 diis
581 4102 613 4154 in
631 4117 733 4155 rasura
751 4098 793 4152 A⁹
875 4102 906 4150 13
925 4097 1007 4150 fanus
1025 4113 1041 4149 ν
1059 4097 1155 4175 fanum
1174 4098 1264 4151 PAB

192 4189 306 4244 aonnini
327 4188 385 4244 PA
404 4188 526 4242 conuiuii
544 4189 637 4244 BA²u
708 4194 741 4241 14
760 4186 888 4250 secunda,
908 4186 954 4239 sed
972 4203 989 4238 a
1007 4186 1039 4238 in
1056 4200 1158 4239 rasura
1176 4187 1202 4239 A

127 4279 334 4340 administratur
358 4277 414 4330 VA
433 4277 655 4332 amministretur
673 4276 701 4330 Β
777 4276 845 4328 haee
869 4273 925 4327 VB
943 4274 997 4327 hee
1015 4274 1043 4328 A
1062 4274 1114 4327 hee
1132 4290 1158 4327 ns
1231 4279 1265 4328 15

123 4368 238 4433 satietas
257 4368 285 4421 A
344 4371 378 4419 16
397 4369 525 4420 secuntur
546 4366 636 4419 PAB
655 4365 841 4432 sequunturn
897 4363 1001 4416 adsidit
1021 4363 1080 4416 PA
1098 4362 1196 4416 assidit
1214 4363 1265 4418 Bu

10 4439 55 4795 l
193 4461 229 4512 18
247 4454 343 4526 itaque
361 4454 396 4509 iis
418 4455 508 4508 PAB
526 4454 622 4523 itaque
641 4452 696 4508 hiis
715 4453 787 4508 A²ns
805 4451 901 4521 itaque
919 4452 964 4506 his
982 4469 998 4506 ν

999 4541 1053 4597 20*
