3000 5026
183 333 249 399 292
338 275 341 279 Ι
674 332 861 389 VARRONIS

183 501 281 562 abluta
311 502 444 563 condunt
467 503 498 561 in
522 502 654 563 iurlures
677 509 728 561 aut
751 519 830 562 acus.
877 503 908 560 iu
932 501 1129 580 supponendo
1151 520 1206 562 ova
1229 501 1333 561 obser·

183 617 253 669 vant
282 618 315 669 ut
343 611 403 669 sint
431 626 555 668 numero
579 610 701 687 inparia.
747 627 815 688 ova,
843 626 918 686 quae
942 607 1135 688 incubantur,
1163 607 1333 669 habeantne

184 733 285 776 semen
309 715 396 796 pulli,
423 723 543 777 curator
571 713 738 793 quadriduo
760 724 829 794 post
852 733 941 793 quam
964 714 1100 775 incubari
1123 718 1223 795 coepit
1246 716 1334 777 iutel-

184 823 282 902 legere
306 832 412 901 potest.
451 825 477 882 si
500 831 603 882 contra
628 822 727 882 lumen
753 823 848 883 tenuit
871 829 901 881 et
923 841 1032 900 purum
1056 825 1147 882 nnius
1166 823 1247 883 modi
1266 840 1335 883 esse

139 929 408 1010 t3auimadrertit,
441 937 546 1008 putant
576 929 743 989 eiciendum
772 938 802 988 et
829 927 908 989 aliud
937 928 1155 990 subiciundnm.
1205 940 1364 990 excusos⁵

184 1035 281 1115 pullos
314 1035 540 1098 subducendum
572 1055 608 1096 er
641 1036 766 1115 singulis
799 1035 877 1096 nidis
905 1047 935 1097 et
964 1036 1170 1097 subiciendum
1199 1038 1228 1096 ei
1257 1054 1336 1116 quae

184 1143 290 1203 habeat
318 1162 441 1224 paucos,
469 1144 505 1203 ab
533 1162 640 1222 eaque,
673 1145 698 1203 si
722 1143 834 1222 reliqua
859 1145 919 1203 siut
942 1162 995 1203 ora
1018 1141 1173 1221 pauciora,
1202 1143 1337 1205 tollenda

184 1261 215 1311 et
245 1249 417 1311 subicienda
447 1251 538 1330 aliis,-
559 1269 634 1329 quae
663 1250 795 1310 nondum
824 1251 1011 1311 excuderunt
1039 1259 1069 1311 et
1096 1253 1195 1311 minus
1223 1250 1339 1312 babent

185 1358 305 1434 triginta
330 1356 434 1434 pullos.
482 1357 538 1418 hoc
563 1358 641 1417 eninr
665 1375 784 1435 gregem
809 1358 950 1417 maiorem
975 1376 1033 1417 non
1058 1358 1236 1419 laciendum.
1273 1359 1338 1419 obi·

185 1463 324 1523 ciendum
353 1463 442 1542 pullis
465 1463 571 1525 diebus
594 1479 643 1524 xv
666 1465 770 1541 primis
796 1481 881 1523 mane
904 1463 1039 1525 subiecto
1062 1464 1197 1546 pulvere,
1227 1484 1263 1526 ue
1289 1485 1337 1526 ro·
1353 1475 1380 1513 1⁰

186 1573 256 1631 stris
285 1579 390 1631 noceat
418 1578 498 1631 terra
527 1570 615 1650 dura,
643 1569 792 1649 polentam
819 1573 940 1631 mixtam
969 1590 1037 1631 cum
1065 1575 1194 1633 nasturti
1221 1576 1339 1634 semine

187 1676 242 1754 [et]
267 1696 341 1756 aquia
366 1677 516 1755 aliquanto
542 1687 609 1737 aute
633 1677 709 1736 lacta
732 1679 847 1756 intrita,
876 1696 912 1737 ne
937 1687 1000 1737 turn
1023 1677 1152 1757 denique
1175 1681 1205 1739 iu
1231 1698 1339 1740 eorum

139 1787 316 1862 14corpore
341 1791 503 1862 turgescat:
527 1802 602 1863 aqua
625 1783 851 1862 prohibendum.
883 1802 940 1862 qua
963 1784 1000 1843 de
1024 1783 1162 1845 clunibus
1181 1790 1340 1865 coeperint

186 1889 295 1950 babere
315 1893 420 1969 pinnas
440 1910 455 1951 e
475 1893 571 1970 capite
591 1910 607 1951 e
627 1891 702 1952 collo
722 1910 825 1951 eorum
845 1891 951 1951 crebro
971 1891 1099 1969 eligendi
1117 1893 1224 1972 pedes:
1248 1913 1339 1974 saepe

186 1999 265 2058 enim
288 2007 411 2076 propter
435 2017 486 2058 eos
510 2006 737 2059 consenescunt.
780 2001 894 2058 circum
918 2016 1021 2060 caveas
1045 2018 1149 2061 eornm
1172 2002 1338 2062 incendeu-
1354 2007 1381 2046 ¹⁵

187 2105 257 2165 dum
277 2124 401 2165 cornum
418 2109 580 2187 cervinum,
599 2125 636 2167 ne
652 2125 727 2186 qnae
743 2124 866 2185 serpens
881 2106 1010 2186 accedat,
1030 2126 1156 2186 quarum
1172 2109 1340 2171 bestiarum

188 2231 223 2272 er
248 2211 338 2272 odore
363 2213 459 2273 solent
482 2215 613 2274 interire.
647 2213 846 2292 prodigendae
871 2211 1017 2272 insulem
1042 2214 1120 2272 etin
1141 2215 1340 2297 stercilinum,

140 2322 178 2380 15
192 2328 224 2379 ut
249 2319 380 2380 volutare
403 2323 531 2400 possint,
561 2320 639 2399 quod
663 2323 704 2381 ita
727 2319 887 2379 alibiliores
911 2320 1000 2400 fiunt,
1028 2338 1125 2399 neque
1149 2320 1261 2399 pulice,
1287 2323 1339 2383 sed

187 2444 272 2485 omne
298 2427 539 2487 ornithuboscion
564 2445 633 2487 cum
661 2435 781 2506 aestate,
805 2435 867 2486 tum
891 2429 995 2506 ntique
1019 2446 1087 2488 cum
1111 2436 1276 2507 tempestas
1302 2432 1341 2490 sit

258 2612 274 2658 9
295 2605 473 2659 obiciendum
492 2606 577 2675 pullis
597 2623 707 2677 peopon.
729 2605 781 2659 XI
785 2606 810 2659 V
825 2613 852 2672 9,
871 2611 890 2662 2

279 2782 292 2829 1
317 2775 440 2830 condunt
458 2776 606 2830 Iucundos
625 2775 747 2830 condant
765 2776 855 2830 PAR
874 2775 1041 2832 condiuntur
1146 2784 1161 2832 2
1181 2775 1294 2848 inparia
1312 2764 1341 2834 A

187 2863 306 2933 imparia
338 2864 392 2917 VB
498 2864 657 2919 habeantne
690 2881 785 2919 semen
819 2865 877 2918 PA
910 2865 1034 2920 habeant
1064 2866 1095 2919 in
1126 2884 1220 2921 semen
1253 2869 1283 2922 B
1316 2869 1342 2923 ai

187 2953 312 3008 habeant
328 2953 358 3008 iu
379 2970 407 3009 se
427 2970 555 3009 semenn
621 2957 767 3008 3enratur
786 2970 854 3009 corr.
874 2985 909 2993 —
928 2958 973 3009 tor
992 2954 1020 3009 A
1098 2956 1226 3011 incubari
1245 2958 1342 3012 PAR

187 3042 320 3097 incubare
348 3044 510 3111 n.quarto
542 3041 587 3097 die
614 3046 764 3111 postquam
792 3059 908 3112 coepere
936 3043 1065 3098 incubari
1090 3045 1204 3099 Plinius
1228 3046 1262 3098 X
1286 3053 1342 3103 151

268 3131 363 3202 coepit
387 3133 444 3187 VB
462 3131 588 3202 ceperint
605 3131 665 3186 Ana
738 3137 754 3185 5
773 3131 851 3185 aliud
870 3130 1064 3186 subiciendum
1085 3131 1144 3186 PA
1163 3131 1241 3187 eliud
1261 3136 1342 3190 subi-

189 3220 317 3274 ciendum
332 3221 359 3274 B
373 3221 449 3276 eliud
465 3220 668 3275 subiiciendum
683 3238 699 3274 o
753 3226 769 3274 9
787 3237 901 3289 gregem
916 3219 991 3274 enim
1006 3236 1074 3275 corr.
1090 3221 1166 3274 enim
1179 3239 1298 3292 gregem
1312 3225 1343 3278 B

260 3309 406 3381 maiorem]
427 3309 576 3363 maciorem
596 3309 623 3361 A
685 3307 872 3363 obiiciendum
896 3309 923 3362 V
981 3315 1012 3363 11
1032 3308 1167 3363 nasturcii
1190 3309 1281 3365 VAB

191 3404 222 3451 12
242 3400 356 3465 sonasse
370 3416 403 3453 ex
418 3417 491 3468 aqua
543 3397 707 3465 alinquanto
722 3398 750 3452 A
801 3403 833 3451 13
853 3415 908 3465 qua
923 3399 957 3451 de
971 3395 1101 3452 clunibus
1117 3398 1208 3453 PAR
1223 3402 1341 3469 quando

189 3489 223 3543 de
243 3488 403 3542 clunibusn
472 3489 598 3557 ceperint
615 3488 643 3542 A
712 3493 745 3543 14
765 3505 779 3541 e
800 3488 871 3542 collo
893 3487 985 3541 PAR
1004 3490 1033 3541 et
1052 3488 1160 3543 collon
1224 3494 1343 3545 16111-

189 3593 254 3630 uum
269 3577 360 3630 PAB
379 3593 465 3632 cornu
483 3594 499 3630 u
564 3594 598 3630 ne
618 3594 688 3644 quae
708 3594 821 3648 serpens
837 3577 864 3629 P
877 3593 911 3630 ne
926 3593 981 3644 que
996 3594 1109 3646 serpens
1125 3579 1152 3632 A
1166 3595 1236 3646 neq;
1257 3582 1341 3649 (corr.

190 3668 255 3734 neri)
276 3682 387 3733 serpens
402 3666 429 3719 B
447 3682 553 3733 nequa
572 3682 714 3734 serpensu
772 3673 803 3721 17
818 3664 985 3736 prodigendi
1003 3666 1031 3720 in
1047 3668 1135 3722 solem
1151 3669 1179 3721 et
1197 3669 1342 3737 sterquili-

189 3753 280 3820 nium,
301 3756 333 3807 ut
356 3772 384 3807 se
410 3755 536 3810 uolutare
560 3753 680 3824 possint,
701 3757 776 3824 qnod
794 3759 835 3810 ita
854 3754 1007 3810 alibiliores
1026 3757 1098 3809 finnt
1116 3757 1267 3814 Iracundus

189 3842 382 3910 prodigendae
400 3842 429 3896 iu
450 3845 507 3898 sole
527 3845 603 3898 etin
622 3845 795 3900 stercilinum
814 3846 843 3898 P
857 3845 1030 3914 prodigende
1049 3846 1078 3900 in
1097 3846 1155 3901 sole
1175 3850 1204 3901 et
1220 3847 1224 3916 Ι
1243 3849 1340 3904 sterci-

192 3930 291 3984 linium
310 3930 338 3985 A
360 3933 551 4003 prodigendae
575 3933 605 3987 iu
628 3934 685 3987 sole
710 3936 739 3988 et
762 3934 790 3987 in
815 3933 996 3999 stercilinium
1015 3934 1043 3988 B
1067 3934 1216 4004 prodigere
1237 3938 1339 3992 deinde

189 4019 280 4074 solent
297 4019 327 4072 in
346 4021 582 4090 sterquiliniumo
636 4022 841 4092 prodigendnm
856 4022 979 4092 Scaliger
1035 4028 1067 4076 18
1086 4025 1118 4077 nt
1132 4023 1266 4080 uolutare
1280 4045 1296 4082 u
1309 4028 1340 4081 ut

190 4107 308 4164 uolitare
330 4111 427 4165 PAR.
468 4111 517 4165 ‘Vt
541 4129 569 4165 se
588 4111 716 4166 uolutare
736 4109 858 4180 possint,
885 4112 937 4167 etc.
975 4113 1101 4181 Antiqua
1119 4113 1198 4166 lectio
1216 4115 1334 4181 uiuam,

188 4205 321 4268 receptam
343 4206 434 4254 tanen
456 4202 572 4266 retinui,
596 4217 664 4270 quae
689 4201 825 4254 commoda
844 4206 895 4267 eat,
919 4207 943 4255 11
961 4204 1036 4255 omni
1054 4203 1123 4256 uitio
1142 4207 1230 4269 111111,
1258 4220 1335 4277 nque

190 4290 329 4342 tamenab
349 4290 379 4342 id
398 4291 479 4342 1111111
497 4295 575 4344 uetus
592 4291 738 4359 repudiari
748 4295 844 4358 puteat,
863 4288 903 4343 Vt
922 4290 1041 4344 uolitare
1056 4290 1175 4359 possint'
1198 4290 1339 4350 Vtuntur

244 4376 384 4431 alibiliora
402 4378 472 4429 fiunt
491 4377 546 4430 VA
566 4378 708 4432 alibiliora
725 4379 794 4432 fiant
808 4381 835 4431 B
890 4385 923 4433 19
940 4380 1167 4434 omithoboscion
1180 4380 1210 4433 B
1225 4383 1340 4438 ornitho
1367 4373 1370 4378 ¹

190 4463 291 4518 bosion
313 4464 340 4520 A
365 4465 592 4521 ornithouoseiou
615 4467 642 4520 B
666 4465 925 4542 ornithouoationu
999 4485 1060 4522 eom
1083 4471 1226 4538 tempesta
1251 4471 1291 4525 eit
1313 4472 1341 4526 A
