3000 5026
207 374 271 437 144
695 372 882 428 VARRONlS

204 541 260 601 hae
291 559 381 619 porro
415 548 555 618 quattuor
583 541 735 600 centuriae
764 542 952 620 coniunctae,
985 548 1019 600 ut
1047 539 1106 598 sint
1134 541 1164 599 in
1194 547 1350 619 utramque

204 656 320 727 partem
346 647 446 727 binae,
475 647 660 726 appellantur
689 649 718 705 in
743 647 821 724 agris
844 645 947 706 divisis
970 648 1080 707 viritim
1103 645 1223 724 publice
1248 646 1350 707 saltus.

150 754 191 814 Xl
290 754 324 815 ln
346 754 434 814 modo
458 755 542 815 fundi
567 773 626 814 non
650 752 853 813 animadverso
873 751 947 831 lapsi
966 753 1061 835 multi,
1086 754 1163 832 qued
1183 752 1233 813 alii
1252 752 1349 813 villam

204 864 303 922 minus
331 880 465 939 magnam
494 861 642 941 lecerunt,
671 878 758 938 quanr
787 858 893 920 modus
920 860 1092 940 postulavit,
1121 859 1171 920 alii
1197 862 1349 940 maiorem,

204 987 273 1029 cum
306 977 466 1048 utrumque
499 970 537 1027 sit
565 975 667 1027 contra
695 985 758 1026 rem
787 965 960 1026 familiarem
988 986 1022 1027 ac
1049 968 1189 1028 fructmn.
1240 968 1349 1027 maiora
1374 977 1385 1017 ⁵

204 1079 282 1135 enirn
320 1082 397 1135 tecta
434 1083 464 1135 ct
501 1075 688 1158 aedificamus
724 1073 819 1152 pluris
856 1081 885 1133 et
922 1081 1043 1134 tuemur
1074 1081 1195 1153 sumptu
1229 1075 1350 1135 maiore.

140 1244 162 1262 ,Ι
203 1184 317 1242 minora
342 1201 410 1242 cum
435 1189 513 1261 sunt,
537 1199 624 1260 quam
648 1180 779 1258 postulat
802 1180 919 1260 fundus,
944 1181 1059 1241 fructus
1083 1179 1180 1240 solent
1203 1180 1349 1259 disperire

178 1287 269 1366 2[L].
298 1287 423 1361 dubium
450 1290 530 1347 enim
558 1306 616 1347 non
641 1296 687 1347 est
711 1289 782 1366 quin
807 1287 877 1347 cella
903 1289 1013 1347 vinaria
1037 1289 1130 1347 maior
1154 1289 1192 1346 sit
1216 1286 1350 1347 facienda

203 1397 233 1454 in
257 1413 292 1454 en
317 1413 401 1475 agro,
428 1394 480 1455 uhi
504 1397 600 1454 vineta
624 1397 697 1475 sint,
721 1393 861 1472 ampliora
886 1402 919 1453 ut
943 1393 1063 1476 horrea,
1087 1397 1112 1454 si
1135 1394 1349 1455 frumentarius

203 1519 274 1580 ager
297 1510 352 1561 est.
957 1516 961 1522 ·
1362 1511 1385 1550 1⁰

291 1608 394 1668 Villam
414 1608 629 1668 aedificandum
649 1608 846 1687 potissimum,
870 1615 903 1667 ut
921 1609 998 1667 intra
1019 1615 1120 1686 saepta
1138 1606 1224 1667 villae
1243 1606 1350 1668 lrabeat

203 1734 317 1796 aquam,
341 1717 367 1774 si
390 1733 458 1795 nnn,
483 1717 737 1794 quamproxime:
761 1716 900 1794 primum,
916 1733 1000 1793 quae
1019 1715 1061 1775 ibi
1081 1716 1120 1775 sit
1139 1722 1220 1795 nata3
1244 1733 1349 1775 secun·

203 1823 287 1903 dum,
325 1840 398 1900 quae
435 1821 540 1881 inlluat
575 1823 725 1899 perennis,
782 1823 808 1880 si
845 1822 963 1881 omnino
998 1841 1072 1901 aqua
1105 1840 1164 1882 non
1197 1830 1244 1881 est
1277 1824 1349 1902 viva,

203 1931 348 1989 cisternae
373 1928 523 1989 faciendae
547 1928 603 1988 sub
626 1931 713 1989 tectis
737 1937 767 1988 et
790 1927 871 1988 lacus
896 1927 951 1987 sub
976 1927 1033 2008 din,
1057 1947 1093 1988 ex
1117 1928 1210 1988 altero
1230 1926 1297 1988 luco
1316 1934 1349 1988 ut

139 2037 350 2117 XllhnmineS‚
374 2056 410 2096 ex
434 2036 526 2096 altero
552 2044 584 2096 ut
607 2054 699 2115 pecus
723 2038 767 2095 uti
790 2037 893 2114 possit.
939 2035 1033 2095 danda
1058 2053 1148 2114 opera
1173 2042 1206 2094 ut
1229 2037 1383 2113 potissi-1⁵

201 2162 283 2204 mum
311 2142 366 2204 sub
391 2142 540 2203 radicibus
565 2145 674 2202 montis
698 2142 843 2202 silvestris
867 2141 963 2202 villam
988 2150 1091 2221 ponat,
1120 2141 1172 2202 ubi
1194 2143 1348 2221 pastiones

202 2252 261 2311 sint
284 2249 379 2329 laxae,
406 2251 446 2309 ita
470 2256 503 2309 ut
527 2257 630 2310 contra
655 2257 767 2328 ventos,
792 2251 843 2328 qui
866 2247 1055 2309 saluberrimi
1077 2251 1108 2308 in
1132 2267 1202 2329 agro
1225 2250 1347 2312 flabunt.

202 2425 415 2434 ——-—.—

201 2549 252 2612 eet,
285 2546 398 2599 lituram
430 2560 483 2598 erre
515 2545 662 2612 credentes,
690 2549 722 2598 nt
749 2545 883 2612 arbitrer,
916 2547 1022 2600 literam
1041 2551 1137 2613 tetam,
1168 2551 1304 2616 tanquam
1330 2563 1349 2600 a

200 2651 241 2688 me
263 2635 388 2700 deletam,
414 2635 595 2704 reliquerunt,
618 2634 772 2703 fatrumque
793 2651 935 2690 nnmerum
952 2638 1055 2705 pedem
1075 2642 1228 2708 pmncrnnt
1242 2680 1249 2692 .
1264 2653 1349 2708 neque

200 2723 249 2777 hoc
275 2728 383 2777 tantun
407 2723 456 2778 hcc
479 2724 535 2778 loce
557 2724 654 2790 secere,
681 2725 728 2778 aed
750 2724 782 2778 in
804 2724 865 2778 ΙΙΙ
884 2726 966 2780 etiam
991 2726 1061 2780 libro
1079 2726 1124 2796 [5,
1143 2726 1179 2796 9]
1202 2727 1234 2780 in
1257 2728 1348 2782 eedem

199 2829 229 2865 re
257 2812 330 2880 tapsi
357 2817 435 2879 sunt,
467 2828 520 2882 qno
546 2814 661 2879 facilins
687 2814 755 2883 qnid
782 2831 825 2870 cor
852 2816 983 2884 deceperit
1009 2816 1147 2884 suspicari
1168 2816 1255 2884 potui
1273 2857 1279 2870 .
1300 2816 1348 2870 Ite

200 2902 271 2955 enin
293 2901 339 2955 iile
362 2917 465 2970 quoqne
487 2902 562 2956 ncne
585 2902 638 2972 iepi
660 2903 747 2972 debet,
771 2902 897 2974 Longum
917 2903 947 2956 Ρ.
963 2904 988 2958 e
1003 2901 1090 2959 0000
1104 2904 1125 2957 L
1142 2934 1148 2945 ·
1168 2903 1236 2959 Non
1259 2905 1345 2960 solnm

199 2993 289 3044 antem
314 2990 385 3044 nanc
410 2994 503 3045 notam
526 2992 558 3044 in
580 2992 737 3058 fideiieainio
764 2992 898 3048 Varronis
920 2993 1024 3059 codiee,
1051 2994 1152 3047 sedin
1173 2994 1241 3048 aliie
1264 2995 1347 3048 etiam

194 3079 299 3147 priscis
316 3081 496 3135 monumentis
520 3081 628 3136 inneni’
655 3080 793 3136 Victorius
849 3088 862 3135 1
882 3082 939 3157 hae
953 3097 1035 3150 porro
1055 3081 1111 3135 VA
1130 3082 1199 3137 haec
1220 3097 1307 3151 porro
1320 3081 1347 3135 B

270 3166 435 3224 coniunctae
454 3169 596 3225 centuriae
611 3186 680 3225 corr.
701 3168 843 3224 centuriae
863 3170 1028 3225 coniunctae
1043 3170 1071 3223 B
1141 3172 1281 3239 utranque
1298 3169 1347 3224 VB

270 3262 286 3309 2
306 3257 388 3312 binae
407 3260 587 3329 appellantur
605 3258 666 3313 AB
685 3258 776 3314 binae.
814 3259 850 3312 Ei
869 3259 909 3313 sic
929 3260 1108 3329 appellantur
1131 3260 1157 3313 V

270 3351 286 3399 3
311 3345 385 3415 lapsi
408 3346 491 3400 multi
509 3347 573 3400 AB
591 3345 665 3417 lapsi
684 3348 749 3401 sunt
766 3347 848 3400 multi
874 3347 900 3399 V
968 3353 985 3400 4
1008 3350 1122 3415 fortasse
1140 3365 1225 3416 quam
1244 3348 1346 3403 fundus

199 3433 355 3503 postulavit
431 3440 447 3488 ὅ
476 3434 615 3503 utrunque
638 3435 695 3490 VB
772 3442 787 3491 7
811 3434 947 3504 disperire
971 3480 976 3491 .
997 3435 1018 3488 L
1039 3479 1045 3492 .
1064 3436 1180 3492 dubium
1209 3436 1266 3491 VB
1290 3437 1343 3492 dis·

197 3522 357 3591 perire.l.
377 3522 492 3576 dubiam
515 3522 543 3575 A
625 3530 640 3577 9
668 3524 699 3577 in
726 3541 760 3580 ea
778 3526 806 3578 A
834 3541 902 3579 corr.
930 3523 960 3578 in
988 3542 1021 3579 eo
1045 3525 1085 3579 Α*
1166 3524 1263 3581 uineta
1291 3527 1347 3582 sint

198 3612 337 3680 ampliora
355 3613 383 3664 P
402 3611 500 3664 uineta
523 3610 580 3665 sint
596 3614 600 3680 Ι
617 3612 673 3666 sint
696 3613 847 3684 ampliora,
870 3615 917 3668 sed
935 3615 1030 3682 priore
1053 3617 1109 3671 ioco
1132 3614 1189 3668 sint
1210 3617 1346 3671 subducta

198 3701 299 3754 lineola
326 3700 440 3753 deletum
462 3700 491 3753 A
517 3699 613 3754 uineta
640 3700 698 3755 sint
725 3701 782 3757 sini
809 3701 947 3773 ampliora
971 3704 1012 3770 B,
1040 3704 1089 3758 ebe·
1112 3708 1262 3773 posteriore
1288 3707 1345 3762 loeo

198 3786 255 3840 sint
273 3788 305 3840 in
323 3792 438 3842 extrem
455 3804 536 3842 aaran
553 3789 585 3844 in
598 3792 723 3861 marpine
736 3793 906 3860 adscriptum
920 3798 967 3858 eet,
985 3790 1083 3847 uineta
1097 3795 1162 3847 sunt
1176 3793 1344 3864 ampliores

269 3875 467 3932 frumentarias
486 3879 513 3932 A
532 3895 600 3934 corr.
620 3911 654 3920 -
673 3879 730 3934 rius
748 3879 789 3934 A²

270 3971 302 4020 11
327 3965 425 4022 uillam
447 3967 633 4022 edificandum
651 3966 830 4036 potissimum
848 3971 876 4024 A
895 3969 992 4025 uillam
1012 3970 1214 4026 aedificandam
1233 3972 1345 4042 potissi·

197 4073 273 4110 mum
294 4057 384 4113 PBm
403 4058 432 4113 in
451 4057 521 4114 uilla
540 4058 714 4113 aedificanda
732 4058 786 4113 hoc
805 4059 1017 4128 potissimumn
1077 4063 1157 4131 septe
1176 4061 1202 4115 V
1259 4061 1350 4117 villae

197 4147 293 4201 deiecit
323 4147 441 4202 Urainnc
511 4147 617 4202 habeat
634 4146 725 4200 PAB
752 4145 892 4203 habenae
965 4155 997 4204 12
1026 4166 1097 4218 quae
1125 4149 1247 4220 primum
1275 4169 1346 4207 cerr.

196 4235 321 4302 primum,
340 4251 411 4300 quae
431 4237 459 4289 B
532 4242 564 4290 13
588 4253 661 4303 aqua
683 4251 739 4289 non
763 4237 818 4306 est]
838 4253 942 4307 nquam
960 4246 1033 4294 noue
1051 4241 1080 4295 A
1152 4245 1186 4293 14
1204 4241 1234 4295 et
1251 4239 1345 4312 lacus]

196 4325 230 4376 ut
251 4324 329 4375 lacus
348 4322 376 4374 A
449 4329 481 4378 15
509 4323 602 4379 danda
634 4339 720 4392 opera
740 4340 768 4377 m
794 4325 941 4381 Incundne
966 4328 1088 4384 dandam
1111 4344 1226 4398 operam
1256 4330 1343 4384 VAB

270 4414 302 4462 16
334 4413 422 4478 ponat
444 4412 533 4466 PAB
565 4429 691 4481 ponaer
776 4418 808 4468 17
837 4415 917 4469 laxae
936 4416 1026 4470 PAB
1053 4419 1129 4473 latae
1155 4434 1203 4472 mn
1282 4417 1341 4487 quia

197 4496 360 4551 saluberimi
377 4499 405 4552 A
