3000 5026
184 334 249 399 238
676 331 861 388 canaonas

186 502 304 581 quidam
334 500 370 560 de
398 501 518 582 italicis,
547 519 622 580 qnos
649 507 772 579 propter
796 497 1019 577 amplitudinem
1042 504 1195 576 praestare
1219 496 1336 577 dicunt,

185 609 220 669 ad
258 610 392 668 victimas
429 609 541 669 iaciunt
578 616 665 689 atque
703 607 739 667 ad
771 607 895 667 deorum
928 613 1046 666 servant
1074 604 1229 683 supplicia.
1282 605 1336 683 qui

186 717 250 776 sine
278 714 368 775 dubio
392 715 427 775 ad
451 734 500 775 res
523 716 636 775 divinas
659 723 782 792 propter
806 715 979 791 dignitatem
1003 710 1207 791 amplitudinis
1231 721 1262 770 et
1286 728 1336 769 co-

186 822 257 883 loris
284 821 494 901 praeponendi.
543 821 621 900 quod
650 840 684 881 eo
713 822 806 898 magis
834 819 879 900 stt,
909 819 987 899 quod
1016 817 1075 878 albi
1102 820 1133 878 in
1161 818 1245 878 ltalia
1274 836 1335 878 non

186 937 245 989 tam
279 930 450 1009 trequentes
484 947 572 1008 quam
605 927 721 1007 [quam]
756 929 787 986 in
815 928 939 987 Thracia
972 926 1008 986 ad
1041 920 1167 1006 μέλανα
1194 917 1334 1004 κόλπον,
1363 947 1376 986 5

186 1036 238 1096 ubi
262 1036 318 1096 alio
342 1037 441 1097 colore
464 1039 560 1115 pauci.
606 1054 657 1096 eos
681 1054 749 1095 cum
774 1037 901 1095 emimus
924 1033 1060 1115 domitos,
1084 1033 1264 1112 stipulamur
1283 1035 1336 1114 sic,

140 1146 178 1201 11
192 1137 307 1202 ‘illosce
330 1142 420 1203 boves
444 1162 531 1204 sanos
554 1161 621 1203 esse
644 1145 788 1220 noxisque
810 1136 985 1222 praestari'3
1008 1159 1076 1201 cum
1101 1144 1227 1201 emimus
1251 1139 1336 1200 indo·

188 1250 288 1330 mltos,
317 1252 373 1332 sic,
397 1245 514 1311 ‘illosce
537 1253 678 1310 iuvencos
703 1267 790 1310 sanos
812 1256 895 1310 recte
918 1248 1014 1327 deque
1037 1265 1146 1327 pecore
1171 1265 1243 1306 sano
1269 1265 1335 1307 esse

187 1357 331 1435 noxisque
350 1359 496 1436 praestari
515 1351 720 1435 spondesne?'
767 1356 854 1434 paulo
875 1355 1028 1415 verbosius
1047 1354 1129 1432 haec,
1154 1356 1207 1432 qui
1225 1353 1336 1414 Mamili

188 1465 319 1523 actiones
348 1472 491 1524 secuntur
518 1463 601 1544 lanii,
635 1466 686 1543 qui
714 1464 749 1523 ad
779 1463 908 1523 cultrum
936 1462 1041 1522 bovem
1069 1468 1184 1521 emunt:
1217 1462 1271 1540 qui
1299 1460 1374 1520 ad10

189 1568 304 1650 altaria,
327 1571 441 1631 hostiae
466 1573 620 1631 sanitatem
645 1589 703 1631 non
727 1570 824 1630 solent
847 1570 991 1650 stipulari.

276 1677 443 1739 Pascuntur
466 1686 598 1738 armenta
621 1677 859 1738 commodissime
882 1679 913 1737 in
933 1675 1114 1757 nemoribus
1138 1675 1191 1737 ubi
1209 1675 1336 1754 virgulta

188 1789 218 1842 et
242 1783 323 1844 lrons
346 1784 452 1846 multa:
476 1785 571 1845 bieme
595 1806 663 1846 cum
686 1784 844 1845 hibernant
868 1785 1032 1845 secundum
1056 1802 1147 1865 mare,
1170 1790 1256 1844 aestu
1276 1782 1335 1842 abi-

142 1892 301 1968 l2gantur
323 1894 354 1952 in
378 1900 493 1953 montes
516 1893 679 1954 frondosos.
725 1900 848 1972 propter
870 1893 996 1953 laturam
1015 1891 1088 1952 baec
1107 1908 1227 1950 servare
1247 1889 1336 1951 soleo.

189 2006 256 2058 ante
285 1998 478 2059 admissuram
508 2018 640 2060 mensem
668 2018 761 2060 unum
790 2018 827 2059 ne
851 1999 917 2060 cibo
941 2006 971 2059 ct
993 2001 1113 2077 potione
1137 2016 1170 2058 se
1193 1996 1336 2077 inpleant,
1351 2016 1373 2054 15

191 2106 268 2184 quod
292 2108 499 2166 existimantur
523 2106 638 2167 lacilius
662 2126 777 2167 macrae
801 2109 968 2185 concipere.
1014 2114 1117 2166 contra
1140 2115 1246 2165 tauros
1265 2104 1336 2164 duo·

189 2212 246 2273 bus
279 2212 431 2273 mensibus
463 2222 531 2272 ante
564 2214 758 2274 admissuram
791 2213 883 2273 herba
915 2220 945 2273 'et
973 2213 1055 2291 palea
1084 2231 1118 2272 ac
1146 2212 1233 2272 laeuo
1262 2212 1336 2272 lacio

189 2319 338 2397 pleniores
362 2328 391 2379 et
415 2339 429 2379 a
456 2320 572 2380 leminis
596 2339 729 2383 secerno.
774 2319 868 2380 habeo
892 2328 994 2380 tauros
1013 2319 1145 2400 totidem,
1170 2320 1337 2398 0110111111-

192 2495 403 2502 ———-—

263 2621 296 2669 15
315 2615 380 2668 anie
399 2613 582 2668 admissuram
600 2587 710 2686 peopou.
732 2615 833 2670 XVII
848 2622 864 2670 1

247 2889 260 2936 1
275 2882 429 2954 praestare]
448 2885 530 2951 'parare
541 2882 568 2934 A
592 2887 621 2935 '5
636 2900 806 2952 quamquam
820 2884 849 2937 in
858 2883 968 2940 thracia
977 2887 1013 2939 ad
1021 2883 1129 2955 μέλανα
1139 2883 1247 2943 κόλπον
1256 2888 1306 2943 ubi
1315 2887 1342 2942 P

192 2989 361 3042 quamquam
384 2973 414 3025 in
436 2971 546 3026 trachia
569 2963 782 3026 0,(1ΜΕΔΔΝΔ
806 2971 981 3028 ΚΟΛΤΤΟΝ
1006 2974 1054 3028 ubi
1072 2974 1100 3027 A
1120 2992 1291 3044 quamquam
1310 2977 1340 3030 in

191 3062 320 3117 thrachia
339 3061 375 3115 ad
394 3061 442 3115 ubi
462 3063 564 3115 loeuua
578 3067 641 3129 post
660 3063 695 3115 ad
715 3064 810 3117 relicto
828 3069 853 3117 et
871 3065 1009 3133 adscripto
1023 3065 1054 3118 iu
1068 3067 1191 3134 marciae
1206 3082 1339 3135 graecum

191 3154 218 3204 B
242 3169 326 3219 quam
351 3149 446 3218 quiin
466 3149 684 3204 thraciaubio.
723 3151 766 3203 ‘In
784 3152 905 3208 Thracia
923 3152 960 3207 ad
979 3151 1087 3222 μέλανα
1110 3150 1225 3208 κόλπον.
1268 3156 1340 3210 Vero

191 3242 256 3295 baec
282 3242 372 3306 lectio,
399 3241 516 3307 fideliter
540 3242 572 3294 iu
596 3240 785 3308 antiquissimo
808 3243 897 3296 codice
923 3248 1085 3296 conseruato
1104 3264 1112 3296 :
1130 3261 1196 3298 uam
1219 3245 1252 3299 in
1275 3247 1340 3299 aliis

191 3331 287 3384 inanis
313 3331 386 3384 sedes
411 3329 580 3383 Graecorum
607 3344 705 3383 uocum
732 3330 834 3383 relicto.
873 3331 912 3384 Iu
939 3333 1004 3385 aliia
1030 3349 1065 3386 uc
1091 3333 1187 3387 relicta
1215 3335 1335 3402 quidem'

197 3419 335 3473 Victorius
443 3423 457 3470 7
485 3415 620 3485 noxisque
647 3417 731 3487 piari.
769 3416 838 3471 Cum
862 3418 979 3474 emimus
1001 3421 1154 3477 indomitos
1176 3420 1218 3474 sic
1240 3421 1337 3477 illosce

191 3510 301 3549 iuuencos
408 3510 469 3546 recte
484 3509 511 3547 de
534 3520 538 3528 ·

192 3562 278 3616 boues
307 3577 388 3614 sanos
416 3565 452 3614 ὦ
474 3521 541 3614 nolli
556 3562 560 3628 l
577 3577 607 3627 q3
630 3560 715 3628 mari.
753 3560 822 3614 Cum
851 3560 967 3617 emimus
994 3563 1145 3619 indomitos
1173 3566 1214 3619 sic
1241 3566 1335 3622 illosce
1354 3591 1376 3623 ε

192 3651 325 3704 iuuencos
349 3665 431 3704 sanos
455 3651 529 3702 reete
554 3648 643 3715 deque
659 3653 793 3719 iponem,
816 3651 862 3704 aad
885 3668 948 3705 cum
973 3652 1090 3707 emimus
1111 3685 1142 3692 —
1163 3654 1230 3708 noxi
1244 3658 1376 3724 prior&

194 3740 249 3792 loco
264 3740 349 3792 deleto
364 3739 391 3790 A
465 3738 548 3806 aqut
562 3754 612 3792 om,
627 3740 654 3790 A
726 3739 833 3793 mamili
849 3739 939 3793 PAR
953 3739 1062 3796 Manilii
1075 3759 1093 3796 o
1167 3749 1200 3798 10
1219 3743 1376 3802 senonia

194 3828 324 3880 secuntur
340 3827 398 3880 PB
417 3827 537 3881 accionis
556 3830 686 3882 secuntur
701 3831 727 3881 A
746 3826 870 3883 actiones
888 3833 1075 3897 sequunturv
1133 3839 1162 3886 11
1184 3834 1275 3888 solent
1289 3849 1376 3887 με

194 3915 304 3970 soluent
326 3917 417 3971 PAB

265 4013 297 4060 13
321 4007 396 4061 frons
424 4006 480 4061 VB
503 4007 560 4060 fros
578 4006 605 4059 A
629 4024 697 4062 corr.
721 4007 779 4060 fros
797 4005 839 4061 A²
911 4025 973 4061 eum
997 4008 1376 4067 1111010011ιἠοῑιιειννυι-Ι

193 4095 316 4166 Scaliper
337 4104 363 4151 et
383 4097 502 4151 Ursinus
573 4096 723 4165 abigantur
737 4097 827 4150 PAB
846 4096 1032 4166 abigunturu
1107 4104 1140 4152 14
1158 4097 1288 4154 foetorem
1347 4104 1376 4157 7

266 4192 298 4240 15
318 4187 481 4240 dimiseram
495 4187 523 4239 A
541 4201 609 4240 corr.
625 4182 794 4239 admisuram
809 4185 850 4238 A²
921 4203 956 4240 ne
976 4186 1037 4240 cibo
1058 4187 1116 4242 VB
1133 4205 1185 4242 nee
1205 4189 1265 4243 cibo
1275 4183 1376 4246 kq

264 4275 392 4342 inpleant
406 4274 432 4326 A
447 4275 584 4343 impleant
603 4274 660 4328 VB
717 4282 747 4328 16
768 4273 964 4328 existimantur
978 4277 1006 4328 B
1023 4276 1201 4332 existimatur
1220 4279 1376 4336 Vera-ti-

194 4365 305 4416 mantnt
319 4364 569 4417 Aexbimanburm
616 4370 648 4417 17
662 4363 745 4417 foeno
761 4364 817 4416 VB
864 4371 896 4418 18
911 4364 1077 4419 foeminisV
1121 4365 1376 4435 quotAtiicqu

194 4451 268 4519 quod
286 4451 388 4505 atticus
409 4452 499 4506 PAB
