3000 5026
144 76 208 138 l't'4
633 77 819 133 VARRONIS

141 245 240 321 iuqrrit
253 244 403 323 Agrasius,
418 262 477 304 non
492 243 587 305 sotum
601 247 632 305 in
646 246 753 307 ovibus
770 243 938 321 tondendis,
956 241 1009 302 sed
1023 243 1054 302 in
1067 259 1135 301 meo
1148 232 1285 313 cavillor

142 358 226 429 patre
253 360 408 429 acceptum
437 370 536 432 serro,
567 355 598 412 ni
626 352 818 414 decrescente
845 353 915 415 luna
938 354 1066 415 tondens
1087 354 1188 415 calvos
1209 330 1285 416 iiam

143 457 265 536 Agrius,
287 456 381 526 Quem
405 459 441 519 ad
465 460 599 539 modum,
623 463 728 540 inquit,
752 462 820 521 iuna
844 459 1082 540 quadripertita?
1103 471 1136 523 et
1157 462 1230 542 quid
1252 480 1286 523 ea

118 563 254 624 3dirisio
277 564 312 624 ad
337 583 423 643 agros
446 564 559 645 pollet?
603 567 782 649 Tremelius,
810 568 976 649 Numquam
999 587 1071 629 rure
1093 569 1217 643 audisti,
1243 570 1286 629 in·

145 671 223 751 quit,
250 678 353 731 octavo
381 672 478 733 ianam
507 673 606 734 lunam
632 683 663 735 et
685 684 870 737 crescentem
893 685 924 736 et
946 685 1050 736 contra
1073 684 1288 758 senescentem,

144 784 176 835 et
198 795 273 855 quae
297 788 450 840 crescente
469 779 538 841 luna
557 782 622 842 fieri
641 792 801 863 oporteret,
826 783 883 861 [et]
903 794 1000 845 tamen
1019 784 1164 864 quaedam
1182 782 1288 845 melius

145 883 211 942 tieri
238 895 306 963 post
331 896 434 948 octaro
457 888 555 948 ianam
579 888 679 949 lunam
703 910 790 969 quiam
816 888 906 952 ante?
933 900 964 951 et
987 893 1091 970 siquae
1114 898 1288 952 senescente

146 990 213 1049 tieri
235 997 420 1075 conveniret,
448 996 568 1077 metius,
597 1006 707 1076 quanto
731 1002 831 1059 minus
852 998 977 1060 haberet
998 1000 1077 1078 ignis
1100 998 1131 1058 id
1153 993 1289 1059 murm?

147 1097 208 1156 dixi
231 1099 267 1159 de
291 1102 505 1179 quadripertita
530 1103 623 1164 forma
647 1105 763 1166 cultura
787 1109 859 1185 agri.

121 1203 142 1261 4
241 1206 332 1290 Stolo,
354 1208 409 1268 Est
427 1209 527 1289 attera,
551 1214 656 1293 inquit,
677 1220 844 1292 temporum
862 1213 968 1274 divisio
986 1217 1146 1275 coniuncta
1163 1211 1289 1292 quodam

148 1314 236 1375 modo
258 1334 327 1375 cum
351 1315 413 1377 soie
436 1326 466 1378 et
489 1318 568 1399 luna,
591 1323 663 1397 quin
687 1323 857 1401 serpertita,
881 1322 960 1400 quod
979 1324 1076 1382 omnis
1095 1321 1158 1381 iem
1177 1320 1292 1380 fructus

149 1427 253 1504 quinto
285 1424 414 1502 denique
446 1426 540 1503 gradu
573 1429 707 1505 perrenit
740 1428 776 1487 ad
805 1428 970 1508 perfeetum
998 1448 1033 1489 ac
1061 1428 1142 1489 ridet
1168 1430 1200 1489 iu
1226 1424 1295 1487 vitta

149 1530 259 1591 dotium
293 1550 327 1591 ac
355 1530 499 1613 modium,
531 1533 610 1594 unde
638 1543 721 1594 sexto
749 1535 849 1613 prodit
875 1536 911 1596 ad
939 1554 1035 1596 usum.
1085 1536 1183 1614 primo
1209 1552 1298 1614 prae-

149 1639 326 1721 parandum,
354 1641 486 1701 secundo
510 1641 683 1715 serendum,
707 1645 797 1702 tertio
820 1642 1043 1723 nutricandam,
1067 1651 1174 1721 quarto
1196 1640 1306 1721 legeu-

149 1745 234 1826 dum,
266 1747 369 1824 quinto
402 1748 603 1828 condendum,
636 1757 719 1809 sexto
749 1749 953 1828 promendum.
1004 1749 1040 1809 ad
1067 1748 1123 1809 alia
1150 1751 1184 1809 in
1210 1766 1310 1827 prae-

150 1854 280 1931 parando
304 1853 431 1915 faciendi
455 1855 577 1916 scrobes
600 1863 651 1916 aut
673 1856 917 1935 repastinandum
940 1863 991 1916 aut
1009 1854 1195 1937 sulcandum,
1216 1856 1321 1917 utri

151 1960 305 2021 arbustum
329 1971 380 2022 aut
403 1965 568 2041 pomarium
593 1964 690 2023 tacere
714 1962 799 2044 relis5
822 1963 857 2023 ad
877 1960 931 2022 alia
951 1962 1093 2023 arandum
1112 1970 1165 2022 aut
1183 1960 1341 2022 touton-
1428 1980 1433 1987 ·

1369 1726 1429 1773 qs

151 2118 363 2126 *—

225 2222 351 2292 linquit
374 2224 430 2278 VB
448 2223 547 2292 inquid
564 2226 592 2278 A
663 2224 804 2294 agraecius
822 2225 851 2280 A
922 2231 937 2278 2
959 2223 1007 2277 ‘Ni
1025 2222 1201 2279 decrescenti
1219 2220 1466 2278 Luna-3³

152 2313 271 2367 tondens
299 2314 395 2367 calaum
418 2313 492 2367 fiam.
529 2314 656 2383 Antiqua
679 2315 757 2368 lectio
779 2315 920 2369 restituta:
942 2315 1000 2368 uisi
1021 2313 1094 2383 quod
1115 2317 1205 2367 uetere
1227 2307 1473 2367 nora-’³⁸⁶

152 2403 358 2457 soromatas
380 2401 491 2458 rondes
510 2403 618 2472 aaran,
641 2404 766 2459 noerae
815 2404 953 2458 rossam
1023 2402 1054 2456 aa
1071 2402 1256 2458 densante
1275 2385 1479 2456 ΕΡ

152 2491 182 2544 ni
209 2491 385 2545 decrescente
413 2508 482 2546 corr.
506 2523 539 2531 -
562 2492 586 2547 ti
609 2494 637 2546 A
663 2492 693 2547 ni
717 2493 889 2548 decrescenti
906 2492 935 2546 B
957 2507 993 2546 ne
1017 2491 1196 2546 decrescente
1218 2508 1249 2545 sn
1270 2478 1480 2544 mvi

154 2578 368 2635 decrescentes
439 2581 559 2636 tondens
578 2599 624 2637 mo
647 2583 748 2638 tondes
769 2582 860 2636 PAR
932 2582 1027 2635 eaiuos
1051 2581 1117 2634 fiam
1132 2570 1194 2635 'PB
1218 2579 1283 2635 cela
1360 2584 1479 2629 κιο

153 2669 219 2725 fiam
246 2671 274 2725 A
306 2670 451 2725 calueiism
478 2690 504 2725 m
533 2674 680 2728 Iucundos
708 2673 804 2726 caluus
832 2672 897 2724 fiam
925 2687 942 2725 v
1031 2676 1048 2724 3
1076 2669 1171 2739 inquit
1188 2668 1240 2723 Bo
1261 2663 1476 2722 iaz-:ju

153 2759 221 2830 quid
246 2761 305 2814 PA
395 2767 412 2814 4
439 2778 583 2829 nunquam
611 2761 639 2815 V
725 2761 815 2829 inquit
845 2760 901 2814 VB
922 2758 1020 2827 inquid
1043 2759 1071 2811 A
1161 2762 1179 2811 ὅ
1206 2757 1470 2812 imo-mm

154 2850 249 2903 lunam
267 2866 283 2903 o
303 2849 396 2903 lanam
414 2848 512 2904 lunam
528 2849 620 2903 PAB
692 2855 708 2902 6
728 2851 757 2903 et
775 2849 870 2903 mmen
889 2865 960 2917 quae
978 2847 1080 2903 melius
1099 2847 1135 2903 A
1154 2849 1186 2901 et
1203 2845 1466 2903 deamat

158 2937 275 2993 Ursinus
330 2941 429 3008 'ipost
447 2940 548 2995 octauo
567 2940 661 2992 lanam
675 2938 770 2992 lunam
785 2939 843 2993 PB
856 2939 921 3008 post
935 2939 1036 2993 octauo
1050 2937 1148 2991 lunam
1161 2935 1261 2990 lunum
1339 2980 1349 2987 .
1431 2934 1456 2989 A

155 3029 256 3080 octauo
278 3028 343 3097 post
365 3029 459 3083 ianam
482 3029 617 3084 lunamo
689 3033 705 3082 9
734 3026 844 3082 cultura
863 3026 953 3082 PAB
976 3026 1101 3081 culturus
1123 3042 1149 3080 c.
1184 3025 1449 3092 senemr

154 3115 185 3169 iu
204 3117 313 3172 cultura
726 3153 728 3157 -

228 3212 260 3260 10
279 3209 322 3261 est
353 3207 441 3260 altera
466 3206 559 3275 inquit
581 3207 609 3261 Β
637 3207 680 3262 est
707 3205 798 3262 altera
824 3204 921 3275 inquid
945 3206 974 3261 A
1000 3208 1044 3259 est
1070 3202 1163 3258 altera
1188 3202 1426 3272 qaidoem

154 3296 248 3366 iuquit
263 3296 290 3350 V
341 3303 372 3349 11
389 3295 457 3362 quin
471 3295 624 3364 sexpertita
639 3296 699 3350 PB
713 3296 781 3365 quin
795 3293 875 3364 (sedi
888 3295 1035 3348 inrasae
1048 3293 1181 3361 scriptum
1188 3292 1229 3358 A)
1243 3305 1376 3345 ser
1392 3305 1418 3343 ι·

155 3421 290 3493 pertitam
300 3419 359 3474 Am
369 3419 437 3487 quin
451 3420 761 3488 sexpsrtitav.sortasse
770 3435 841 3487 quae
855 3421 899 3473 est·
912 3418 1065 3488 sexpcrh‘tu
1102 3423 1135 3472 1³
1151 3379 1291 3474 meddin:
1374 3416 1405 3468 A

192 3508 563 3580 primoiucuodusprimum
576 3496 665 3564 VAB
702 3508 1400 3577 1sserendumoisseriptam,scdpostefove

156 3602 214 3655 ioco
232 3601 347 3654 deletum
365 3604 404 3654 est
420 3600 452 3655 ia
465 3599 494 3653 Β
547 3597 635 3655 tercio
648 3600 675 3653 A
732 3604 764 3652 15
785 3598 840 3651 ‘Ad
858 3596 957 3652 aliaiu
972 3595 1166 3667 praeparando
1179 3585 1393 3652 faciendi

157 3690 277 3745 scrobes.
314 3690 364 3744 Ita
383 3690 471 3745 locum
488 3690 599 3745 restitui
616 3706 650 3744 ea
667 3689 790 3758 antiquio
806 3688 892 3743 libris.
929 3687 969 3742 sic
982 3688 1064 3741 etiam
1078 3687 1158 3753 iufra
1172 3686 1385 3757 toqotcuc

157 3780 205 3835 Ad
222 3780 282 3835 atio
299 3782 447 3835 arandum.
482 3796 532 3834 uec
549 3780 633 3833 multo
647 3782 721 3847 post,
739 3777 786 3833 Aa
804 3777 937 3848 quaedam
951 3777 1058 3846 bipraiic
1072 3776 1207 3831 munda
1220 3781 1310 3831 ter?
1318 3778 1382 3817 ⁸⁴⁸·

157 3871 307 3940 Deceperat
326 3871 469 3937 librarios,
487 3870 560 3939 quod
577 3869 622 3923 tie
635 3869 806 3937 praepositio
823 3867 880 3935 Ad,
898 3883 949 3936 per
967 3871 987 3933 t,
1005 3864 1111 3933 scripta
1128 3869 1177 3930 est,
1196 3865 1248 3918 At:
1323 3854 1380 3903 ¹⁴

157 3962 263 4016 duobus
277 3961 358 4015 etiam
372 3960 447 4025 loeis,
461 3960 510 4028 qui
524 3958 735 4027 coaequaretur
779 3957 925 4012 Victorius.
963 3956 993 4009 at
1002 3953 1099 4009 alisia
1107 3933 1376 4033 praeparsuq⁰

156 4048 280 4102 faciendi
298 4049 409 4102 scrobes
429 4048 455 4101 V
472 4049 502 4101 st
520 4048 578 4102 alia
596 4048 626 4101 in
644 4045 837 4118 praeparando
856 4040 985 4100 ''scrobcs
997 4042 1144 4099 r''faciendi
1157 4042 1186 4096 A
1202 4045 1235 4097 at
1246 4030 1316 4097 a!
1325 4036 1371 4121 ’ξ

158 4134 298 4190 ''faciendi
317 4136 346 4189 in
364 4137 556 4207 praeparando
574 4134 704 4192 ''acrobes
718 4137 746 4191 Β
761 4137 791 4190 ct
804 4134 834 4187 in
847 4134 1041 4204 praeparando
1057 4131 1169 4187 scrobes
1183 4104 1366 4187 csend

160 4225 307 4282 Iueuredus
379 4232 411 4280 17
430 4225 468 4280 ad
485 4225 543 4281 alic
560 4224 697 4281 arandum
715 4224 859 4278 Iuarudus
878 4223 908 4276 at
926 4221 983 4277 alia
1001 4221 1136 4276 mandam
1161 4218 1252 4275 VAB
