3000 5026
522 341 652 396 RERVM
671 339 910 396 RVSTICARVM
928 339 995 394 LIB.
1015 342 1028 394 Ι
1129 405 1132 408 .

199 509 240 570 be
266 507 374 588 pabulo
398 509 524 569 secando

194 617 240 678 De
264 618 441 696 inrigatione

192 724 312 795 Quarto
340 723 494 784 intervallo
522 725 601 783 inter
625 721 797 802 solstitium,
826 723 904 801 quod
929 729 974 782 est
998 740 1033 781 ex
1057 720 1094 781 Vl
1117 721 1178 782 llal.
1202 721 1290 781 Iulias
1313 725 1344 782 in

289 850 314 891 a.
338 831 365 891 d.
390 830 443 890 llll
466 831 534 890 idus
552 829 708 909 Augustae,
732 837 762 888 et
786 829 958 910 caniculam,
982 848 1057 907 quae
1082 837 1127 888 est
1150 848 1186 888 ex
1210 848 1234 889 a.
1258 829 1285 889 d.
1304 828 1344 888 lll

142 969 160 1008 5
288 939 356 999 idus
379 940 527 1016 Augustas
550 939 581 996 in
605 955 630 995 a.
654 936 680 996 d.
705 936 728 992 V
751 935 813 998 llal.
837 935 995 1016 Octobres,
1019 955 1094 1014 quae
1118 937 1189 996 fiant
1300 997 1303 1002 ,

176 1049 240 1110 De
264 1047 308 1105 eis
332 1064 408 1123 quae
432 1046 492 1104 seri
515 1051 649 1122 oporteat
672 1050 701 1103 et
725 1061 816 1122 quare
840 1043 987 1121 legumina
1011 1043 1197 1121 appellentur

176 1153 308 1224 Quinto
328 1152 482 1213 intervallo
501 1153 580 1214 inter
599 1149 771 1230 caniculam,
796 1168 871 1228 quae
896 1158 941 1210 est
959 1168 983 1209 a.
1003 1150 1031 1210 d.
1049 1149 1089 1209 lll
1104 1149 1171 1208 idus
1185 1149 1343 1229 Augustas,

288 1265 317 1319 et
341 1260 560 1337 aequinoctium
584 1256 762 1338 autumnale,
786 1256 865 1336 quod
889 1265 935 1316 est
958 1276 981 1317 a.
1006 1257 1032 1316 d.
1056 1256 1079 1312 V
1103 1255 1165 1315 llal.
1189 1255 1342 1336 OctobreS,

288 1384 363 1443 quae
382 1365 449 1425 fieri
472 1372 606 1442 oporteat

118 1503 151 1539 10
173 1475 289 1534 Sexto
316 1471 470 1532 intervallo
499 1471 535 1532 ab
561 1472 748 1550 aequinoctio
772 1471 935 1532 autumnali
959 1490 1059 1531 serere
1083 1479 1221 1549 oportere
1245 1489 1340 1549 usque

286 1579 321 1638 ad
349 1576 494 1639 brumam.
540 1579 630 1638 medii
658 1586 728 1637 sunt
755 1578 819 1637 dies
842 1577 913 1638 XCI.
942 1597 998 1638 nec
1027 1585 1093 1637 ante
1120 1579 1340 1655 aequinoctium

286 1703 382 1762 neque
414 1693 481 1764 post
511 1684 645 1745 brumam
678 1687 738 1745 seri
766 1693 912 1764 oportere.
959 1684 1054 1744 fabam
1083 1686 1193 1762 optIme
1222 1686 1281 1743 seri
1310 1686 1340 1743 ln

284 1791 473 1870 vergiliarum
510 1811 617 1852 occasu
650 1790 686 1850 Vl
718 1793 785 1852 idus
822 1791 1011 1852 Novembres.
1061 1792 1237 1852 vindemiam
1275 1792 1340 1850 fieri

283 1906 420 1976 oportere
448 1901 527 1959 inter
555 1901 776 1978 aequinoctium
807 1898 975 1959 autumnale
1004 1898 1026 1957 V
1050 1898 1111 1959 llal.
1136 1897 1281 1959 Octobres
1310 1907 1339 1957 et

121 2025 150 2063 15
285 2005 472 2084 vergiliarum
496 2024 634 2066 occasum
653 2005 689 2065 Vl
707 2006 775 2066 idus
794 2005 982 2066 Novembres.
1020 2006 1126 2066 delnde
1146 2008 1221 2065 vites
1240 2007 1338 2083 putari

286 2119 314 2171 et
336 2114 495 2191 propagari
519 2117 548 2171 et
571 2113 631 2171 seri
654 2097 739 2192 poma
764 2113 879 2190 lrIgidis
902 2113 975 2172 locis
998 2131 1066 2172 vere

170 2202 327 2296 Septimo
354 2218 508 2279 intervallo
536 2220 615 2278 inter
645 2218 833 2297 vergiliarum
857 2204 994 2279 occasum
1018 2218 1042 2276 V
1065 2220 1132 2280 idus
1156 2219 1337 2280 Novembres

284 2335 313 2386 et
335 2326 471 2386 brumam
495 2324 558 2384 Vlll
581 2324 644 2387 llal.
667 2326 817 2386 lanuarias
841 2345 916 2406 quae
940 2326 1004 2386 fieri
1028 2335 1164 2405 oporteat

164 2421 303 2493 Octavo
331 2431 485 2493 intervallo
514 2434 592 2493 inter
620 2432 755 2494 brumam
784 2432 847 2492 Vlll
871 2432 932 2494 llal.
956 2433 1106 2494 lanuarIas
1135 2443 1165 2494 et
1188 2435 1336 2495 favonium

114 2545 142 2586 2⁰
282 2538 305 2595 V
327 2539 395 2600 idus
418 2537 595 2599 Februarias
620 2558 695 2618 quae
719 2542 784 2600 lieri
807 2546 942 2619 oporteat

156 2629 221 2697 De
260 2645 411 2706 lunaribus
435 2645 539 2706 diebus

153 2734 220 2802 De
268 2753 357 2814 altera
390 2761 557 2832 temporum
590 2754 733 2813 divisione
766 2755 922 2813 conluncta
956 2772 1024 2813 cum
1057 2754 1117 2814 sole
1151 2763 1181 2815 et
1209 2754 1277 2815 luna
1306 2764 1336 2815 et

281 2859 401 2921 babenti
424 2879 474 2920 sex
497 2867 598 2939 partes

150 2944 217 3013 De
276 2974 416 3027 stercore.
472 2964 655 3027 stercilinum
698 2984 756 3043 quo
793 2964 858 3023 loco
901 2965 1068 3024 laciendum
1109 2969 1160 3039 sit,
1202 2969 1233 3025 iu
1275 2986 1333 3044 quo

151 3067 404 3096 L
1080 3061 1082 3064 ,

269 3143 284 3191 2
310 3137 477 3208 irrigatione
504 3139 531 3192 B
623 3143 638 3190 3
668 3137 743 3204 quod
771 3137 812 3190 est
840 3153 874 3190 ex
901 3136 939 3190 VI
967 3136 1029 3190 Kal.
1057 3136 1155 3208 Iulius]
1188 3137 1264 3204 qnod
1291 3139 1335 3192 est

152 3200 250 3275 Kal.
277 3225 325 3283 iu.
341 3229 369 3281 B
442 3235 457 3282 a
477 3226 655 3298 appellantur
668 3226 696 3280 A
768 3231 783 3278 v
802 3223 877 3279 incer
895 3224 1050 3279 canoniam
1069 3242 1140 3294 quae
1160 3227 1196 3280 aa
1212 3227 1252 3280 m
1270 3226 1333 3280 iaus

155 3307 324 3376 augustas
352 3318 381 3369 et
409 3316 616 3385 aequinoctium
639 3314 730 3368 PAR
758 3313 831 3369 inter
845 3314 1011 3370 'caniculam
1035 3317 1064 3370 et
1086 3316 1294 3384 aequinoctium
1317 3335 1333 3371 o

262 3411 278 3460 8
300 3407 464 3461 autumnale
482 3407 543 3461 AB
564 3405 731 3459 auctunnale
750 3404 779 3457 P
794 3406 960 3459 nnctunmo
1034 3411 1049 3458 9
1069 3407 1182 3475 oportet
1198 3406 1226 3459 A
1300 3414 1332 3459 10

163 3472 212 3530 ab
243 3495 427 3563 aequinoctio
451 3493 606 3549 autumnali
624 3494 651 3547 B
676 3494 711 3548 ab
731 3492 907 3561 aequinoctio
926 3495 1069 3550 enctunali
1087 3494 1113 3548 V
1128 3495 1165 3549 ab
1184 3496 1332 3563 equoctino

167 3574 337 3639 *verunae
356 3585 384 3639 A
458 3592 490 3638 11
510 3583 643 3638 medii-
664 3589 696 3637 16
715 3599 844 3638 vereom.
864 3599 888 3649 o,
907 3585 970 3638 add.
987 3585 1015 3638 P
1083 3587 1113 3638 et
1127 3583 1216 3639 medii
1233 3586 1261 3639 B

173 3663 235 3716 ¹¹00
268 3675 333 3728 ante
357 3675 385 3727 P
411 3673 548 3730 Victorius
575 3675 605 3727 et
626 3689 677 3727 nec
700 3674 764 3727 ante
783 3672 844 3726 AB
917 3678 949 3725 12
968 3673 1064 3728 labam
1089 3675 1117 3727 P
1143 3675 1281 3729 Vtctorius
1304 3678 1333 3729 et

180 3737 284 3815 fabam
298 3763 359 3816 AB
433 3768 465 3816 13
482 3762 536 3818 VI.
556 3762 608 3816 dus
626 3761 790 3818 nouembres
804 3762 899 3830 priore
912 3763 968 3816 loco
982 3763 1010 3816 A
1083 3769 1117 3817 14
1131 3764 1291 3832 equoctium
1304 3764 1332 3818 A

204 3920 210 3931 ,
261 3843 391 3907 octubres
413 3851 440 3904 A
515 3856 547 3904 18
571 3853 682 3920 oportet
699 3851 727 3904 A
800 3856 833 3904 19
855 3852 931 3905 Inter
953 3852 1081 3905 brumam
1099 3852 1165 3906 VIII
1182 3853 1220 3906 Kl
1237 3853 1333 3907 ianua-

193 3935 245 3984 ΠΝ
261 3942 267 4007 Ι
282 3956 335 4010 qne
358 3940 418 3994 fieri
437 3941 566 4009 oporteat
585 3941 661 3995 Inter
687 3940 816 3994 brumum
834 3938 899 3992 VIII
917 3939 953 3993 Kl
975 3939 1115 3995 ianuarias
1135 3944 1164 3994 et
1187 3941 1331 3994 fabonium

196 4006 296 4081 xitolus
322 4030 393 4084 febr.
417 4046 470 4096 que
494 4030 625 4099 oportent
642 4029 670 4082 A
746 4028 890 4083 fauonium
914 4029 940 4082 V
965 4028 1110 4083 fabonium
1132 4029 1160 4080 B
1232 4035 1265 4080 22
1289 4030 1330 4082 De

204 4101 325 4195 ittera..
340 4120 433 4189 partes
452 4134 501 4173 om.
521 4135 550 4185 c,
569 4119 632 4172 add.
654 4118 682 4170 P
752 4117 882 4173 coniucta
900 4135 952 4173 con
971 4117 1028 4172 sole
1047 4117 1073 4170 A
1147 4121 1180 4169 23
1199 4117 1329 4176 habentis

208 4204 244 4249 Vx
256 4204 339 4260 PAB
412 4213 446 4261 24
465 4207 505 4260 De
525 4209 646 4262 stercore
665 4206 871 4275 sterquilinium
891 4224 945 4275 quo
966 4205 1024 4276 (qui
1037 4205 1075 4274 A)
1094 4204 1156 4260 loco
1170 4205 1330 4259 faciendum

213 4278 274 4346 itin
286 4314 338 4365 quo
352 4297 445 4351 medio
455 4296 479 4350 si
485 4297 602 4351 robusta
610 4297 730 4350 materia
740 4296 778 4352 sit
787 4298 830 4365 (fit
838 4304 869 4351 ut
878 4298 985 4352 oldam
991 4298 1031 4366 B)
1041 4295 1161 4365 depacta
1170 4295 1330 4364 (depnnta

218 4366 314 4439 icon.
340 4387 460 4456 depecta
486 4385 538 4455 ΑΞ)
565 4403 622 4440 non
648 4384 726 4440 nasci
753 4388 910 4455 serpentem
932 4386 993 4440 AB
1027 4384 1165 4440 Victorius
1192 4383 1234 4437 De
1261 4387 1329 4440 ster·
1444 4421 1447 4426 -

218 4471 262 4520 Vre
278 4474 465 4545 sterquilinam
479 4491 534 4544 quo
548 4474 610 4530 loco
624 4474 785 4530 faciendum
799 4475 837 4528 sit
852 4476 879 4528 P
891 4476 934 4529 De
948 4477 1069 4530 stercore
1084 4477 1113 4530 et
1127 4472 1329 4543 sterquiliniov
