3000 5026
192 324 256 388 190
499 363 513 384 .
682 323 872 410 1111111οΝῐὸ7

191 489 365 572 hibendum,
395 491 514 570 cligitur
541 491 577 550 ad
602 491 757 550 edendum.
805 493 904 569 itaque
928 489 1002 549 lecta
1027 486 1161 548 defertur
1184 489 1215 547 in
1240 487 1334 547 forum

192 599 349 678 vinarium,
377 598 455 658 unde
484 601 514 657 in
543 597 653 657 dolium
682 600 769 656 iliano
794 600 903 677 veniat3
932 596 1024 656 electa
1048 598 1078 655 in
1103 602 1249 655 secretam
1274 613 1336 654 cor-

190 702 302 784 bulam,
335 705 413 765 unde
446 707 476 764 in
510 704 613 764 ollulas
646 703 771 763 addatur
803 713 833 764 et
865 707 896 763 iu
929 704 1005 764 dolia
1038 703 1124 782 plena
1154 704 1336 762 vinaciorum

192 812 396 886 contradatur,
420 811 474 872 alia
500 831 574 890 quae
598 814 628 871 in
653 812 796 890 piscinam
819 813 849 870 iu
874 811 1045 889 amphoram
1068 813 1196 888 picatam
1216 809 1336 869 descen·

191 917 254 998 dat,
286 918 340 978 alia
374 939 448 998 quae
482 917 526 996 [ia
559 917 621 996 ara]
651 920 681 977 iu
710 920 877 980 carnarium
906 918 1053 989 escendat.
1105 936 1180 996 quae
1210 915 1336 976 calcatae
1361 934 1373 973 a

192 1042 264 1084 uvae
294 1035 397 1106 erunt,
429 1043 532 1084 earum
560 1026 641 1102 scopi
670 1044 738 1085 cum
766 1025 905 1086 folliculis
934 1024 1100 1085 subiciendi
1127 1023 1183 1084 sub
1212 1021 1336 1102 prelum,

191 1139 234 1211 ut,
263 1133 360 1212 siquid
389 1132 496 1211 reliqui
524 1131 650 1192 habeant
678 1135 781 1213 utristi,
810 1134 992 1212 exprimatur
1020 1135 1050 1192 in
1081 1130 1209 1191 erindem
1232 1129 1337 1190 lacum.

76 1282 80 1287 -
167 1239 264 1298 3cum
297 1239 385 1299 desiit
419 1238 474 1299 sub
507 1239 590 1317 prelo
618 1239 723 1320 fluere,
756 1241 876 1319 quidam
903 1240 1121 1301 circumcidunt
1149 1247 1282 1298 extrema
1310 1245 1339 1296 et

193 1364 299 1406 rursus
322 1355 463 1424 premunt
487 1355 524 1426 et,
548 1365 654 1407 rursus
678 1366 744 1407 cum
764 1365 946 1427 expressum,
970 1347 1221 1407 circumcisicium
1241 1342 1338 1422 appel·

193 1452 255 1512 lant
278 1472 311 1513 aa
332 1471 465 1513 seorsum
486 1454 564 1532 quod
584 1473 758 1533 expressum
778 1462 824 1515 est
843 1462 969 1536 servant,
993 1454 1072 1534 quod
1091 1454 1198 1531 resipit
1216 1453 1375 1530 ferrum.1o

193 1563 328 1638 expressi
351 1563 504 1621 acinorum
528 1560 650 1621 folliculi
673 1563 705 1621 iu
728 1562 804 1622 dolia
829 1564 1009 1641 coiciuntur,
1039 1578 1134 1639 eoque
1158 1577 1233 1638 aqua
1258 1557 1338 1618 addi-

194 1674 257 1727 tur:
281 1686 314 1727 ea
339 1678 459 1728 vocatur
482 1669 554 1750 lora,
578 1669 656 1747 quod
681 1668 739 1729 lota
760 1672 851 1750 acina,
875 1688 908 1729 ac
927 1688 981 1748 pro
1001 1670 1068 1728 vino
1088 1668 1234 1746 operariis
1253 1666 1340 1725 datur

193 1774 300 1836 hieme.
742 1766 743 1769 '

140 1874 188 1935 LV
287 1881 327 1942 lle
350 1882 455 1943 oliveto
474 1882 577 1965 oleam,
596 1902 682 1962 quam
703 1902 792 1944 mauu
810 1891 931 1962 tangere
949 1884 1046 1962 possis
1066 1901 1081 1942 e
1101 1890 1181 1943 terra
1196 1899 1230 1940 ac
1246 1878 1342 1958 scalis,

194 1987 292 2067 legere
308 1999 425 2069 oportet
440 1993 539 2070 potius
554 2010 641 2070 quam
659 1997 790 2071 quatere,
805 1991 883 2070 quod
900 2009 933 2050 ea
949 2008 1023 2069 quae
1038 1988 1186 2067 vapulavit
1201 1987 1341 2047 mucescit
1354 2005 1379 2042 11

195 2114 249 2156 nee
273 2097 322 2158 dat
346 2106 460 2159 tantum
485 2099 550 2159 olei.
598 2117 672 2177 quae
697 2117 786 2158 manu
809 2101 925 2178 stricta,
955 2097 1058 2157 melior
1082 2115 1115 2156 ea
1139 2113 1214 2174 quae
1241 2094 1341 2172 digitis

194 2203 282 2263 nudis
311 2203 498 2282 [laudabilior
526 2205 577 2285 L]‚
612 2224 698 2284 quam
727 2205 774 2265 illa
804 2224 878 2284 quae
906 2223 974 2265 cum
1002 2202 1186 2283 digitabulis,
1214 2201 1341 2262 durities

194 2341 407 2352 ³——

268 2434 281 2480 1
302 2427 388 2499 lecta]
408 2427 509 2484 lectius
529 2429 586 2482 VA
605 2435 629 2484 et
647 2429 856 2499 superscriptai
875 2430 966 2484 littera
978 2429 1006 2482 B
1020 2428 1111 2484 lectae
1126 2427 1169 2482 ius
1184 2428 1340 2482 Iunnrdus.

197 2517 305 2584 ‘ltaque
324 2518 425 2571 lectius
445 2517 576 2573 defertur.
596 2519 646 2572 Ita
663 2519 795 2586 scriptum
812 2519 844 2571 in
858 2519 983 2572 omnibus
996 2519 1120 2587 antiquis
1131 2518 1214 2571 libris
1229 2517 1340 2571 inueni:

195 2608 375 2660 emendarunt
398 2624 431 2660 ea
449 2608 559 2676 inpenio
582 2609 724 2675 nonnulli,
747 2612 778 2661 ut
797 2607 907 2674 opinor,
930 2607 1033 2662 Lectae
1052 2606 1106 2660 ius’
1132 2607 1272 2680 Victorius

195 2701 211 2749 2
245 2695 382 2749 binarium
410 2713 427 2750 1
454 2696 603 2750 uiniarium
630 2696 686 2750 PB
713 2694 860 2751 uiniariam
885 2698 912 2749 A
1020 2701 1035 2750 5
1063 2696 1092 2749 in
1121 2713 1171 2750 ara
1194 2695 1287 2750 PAB
1313 2693 1340 2748 in

194 2784 322 2838 horama
340 2784 370 2838 in
389 2801 483 2838 aream
504 2784 609 2854 Poprna
663 2785 797 2839 escendat
812 2784 903 2839 PAB
917 2783 1080 2840 ascendatur
1135 2791 1268 2839 dearum
1282 2783 1340 2838 AB

196 2889 292 2928 eorum
314 2871 341 2926 V
407 2873 528 2928 foliculis
547 2874 574 2927 A
641 2875 749 2944 prelum
769 2873 842 2927 Alrn
865 2873 972 2943 plerum
992 2874 1083 2929 PAB
1106 2874 1271 2944 praelumo

196 2969 210 3017 1
240 2962 333 3031 siquid
354 2962 456 3032 reliqui
478 2963 584 3018 habeat
606 2963 668 3019 Ala
692 2962 784 3031 siquid
807 2961 908 3030 reliqui
930 2963 1036 3018 habeat
1058 2964 1117 3017 Bne
1140 2962 1216 3032 siqui
1240 2960 1379 3030 reliquii

195 3051 301 3106 habeat
321 3051 379 3105 PA
451 3056 467 3104 8
492 3052 542 3106 sub
566 3053 662 3120 praelo
687 3053 713 3106 V
735 3052 785 3106 sub
804 3052 851 3121 plo
870 3051 898 3106 A
917 3052 968 3106 sub
987 3053 1065 3122 plero
1084 3052 1112 3105 B
1185 3058 1201 3106 9
1226 3051 1379 3106 circum==

196 3141 318 3196 cisitium
341 3141 464 3212 Scaliper
486 3140 729 3195 circumcisioitum
756 3140 846 3193 PAB
871 3139 1086 3195 circumcisitum
1109 3158 1135 3195 a.
1178 3141 1231 3194 ‘In
1256 3156 1379 3194 mamm

195 3231 306 3298 seriptis
337 3248 396 3284 una
422 3229 530 3299 syllaba
557 3230 721 3296 productius
748 3230 874 3296 uerbum,
907 3229 1169 3285 Circumcisicitum'
1204 3229 1379 3284 Victorias.

269 3323 302 3372 10
324 3317 434 3389 resipit]
454 3318 570 3388 respicit
587 3317 646 3372 Ara
720 3324 749 3371 11
775 3319 931 3373 coiciuntur
948 3320 1008 3374 Ana
1026 3319 1202 3387 capiciuntur
1219 3319 1249 3373 B
1268 3317 1379 3372 coni-j

197 3407 307 3461 ciuntur
327 3408 355 3460 P
372 3404 558 3460 coniiciuntur
575 3424 591 3460 1
665 3413 697 3460 12
721 3424 755 3461 ea
773 3410 890 3462 uocatur
909 3409 1108 3478 1111111111,
1130 3409 1178 3463 sed
1192 3408 1379 3477 11111111.-

197 3499 253 3552 loco
275 3498 410 3552 subducta
432 3497 506 3549 tinea
529 3500 652 3550 notatum
669 3496 698 3550 A
783 3497 843 3551 lota
865 3499 1131 3566 1111111111111
1149 3497 1178 3552 A
1258 3495 1379 3549 datu]

196 3585 330 3656 operariis
348 3584 378 3638 in
397 3584 489 3637 hieme
508 3600 577 3638 corr.
597 3585 731 3653 operariis
750 3585 833 3640 datur
851 3586 942 3639 hiemo
957 3587 985 3640 B
1058 3593 1090 3640 13
1109 3586 1211 3655 hyeme
1234 3584 1260 3639 V

253 3715 286 3763 14
305 3725 319 3762 e
337 3711 414 3763 terra
431 3708 442 3761 l
457 3725 490 3763 ac
509 3709 599 3777 scalis,
614 3711 661 3764 scd
674 3711 684 3763 l
699 3716 762 3765 aute
775 3710 968 3764 acdetetunaB
1037 3688 1141 3766 slalisA
1189 3706 1221 3764 15
1236 3725 1379 3763 muesz

198 3799 234 3852 sit
249 3801 275 3851 A
329 3815 427 3852 manus
446 3799 955 3868 11111111111111111110111111111
969 3800 996 3853 A
1052 3806 1084 3854 11
1104 3798 1379 3855 laudabilior.l..

198 3905 282 3955 quam
309 3888 338 3941 P
361 3886 531 3943 laudabilior
551 3931 557 3941 .
577 3888 587 3941 l
607 3932 612 3943 .
633 3905 717 3956 quam
735 3887 764 3941 A
792 3894 817 3942 et
843 3890 1025 3956 superscripto
1044 3933 1050 3945 .
1070 3887 1145 3942 l.B
1171 3888 1379 3943 laudabilic

198 3995 282 4046 quam
300 3995 316 4032 1
388 3976 553 4048 digitabulis
572 3978 663 4031 PAB
687 3977 852 4046 digitalibus
871 3993 887 4031 1
906 4018 912 4030 .
934 3977 1084 4046 ‘Optimum
1107 3976 1379 4046 1111111111)ἰὲ

196 4068 310 4124 tabulis.
347 4068 401 4123 Est
419 4070 450 4122 in
468 4084 498 4123 eo
516 4068 595 4121 aliud
613 4068 695 4120 etiarn
712 4067 785 4134 qnod
802 4067 939 4135 explicare
954 4083 1142 4135 naupactum,
1160 4067 1183 4119 L
1198 4108 1204 4121 .
1219 4069 1379 4136 inqiu-

196 4159 236 4212 aic
254 4160 324 4212 enirn
343 4158 434 4211 babet:
454 4155 532 4220 Quae
551 4154 648 4223 digitis
665 4152 747 4206 nudis
767 4153 936 4208 laudabilior
955 4155 976 4207 L
991 4195 998 4206 .
1013 4172 1098 4223 quam
1115 4155 1167 4208 illa
1185 4170 1258 4224 quae
1277 4167 1379 4207 cmi

197 4245 372 4314 digitabulis’
386 4246 524 4299 Victorino
579 4241 714 4297 ‘Durities
725 4241 799 4296 enim
810 4259 905 4296 eorum
916 4244 990 4311 quod
1002 4260 1058 4298 non
1067 4244 1157 4297 solum
1168 4240 1379 4312 stringite‘t

198 4334 303 4389 Lacuna
329 4335 401 4387 bunc
423 4335 505 4388 ualde
527 4335 684 4388 mendosum
706 4332 834 4385 babemus
856 4333 888 4385 in
912 4333 1049 4386 codicibus
1072 4333 1236 4387 Nonianis:
1253 4332 1284 4386 ab
1362 4342 1379 4378 e

198 4424 270 4476 enim
295 4423 443 4476 adducitur
465 4423 497 4475 in
519 4423 637 4476 dictione
659 4420 804 4492 Strinqere.
853 4421 941 4475 Varro
965 4423 998 4475 de
1020 4439 1049 4475 rc
1071 4423 1176 4476 rustica
1199 4423 1265 4476 libro
1300 4414 1379 4467 1]
