3000 5026
170 330 236 393 134
662 284 848 379 vinnons

166 500 208 581 jis
236 499 288 574 qui
315 513 418 573 agrum
447 494 545 574 coiere
574 493 688 583 Qut,
717 510 805 570 quam
833 495 885 570 qui
913 490 1029 550 scholas
1057 489 1320 571 philosophorum

171 582 269 682 neque
292 621 328 661 eo
352 578 434 681 dico,
452 600 531 679 quod
552 619 611 661 non
630 599 759 658 habeant
778 607 808 658 et
826 597 910 658 utiiia
929 606 959 656 et
977 600 1145 658 eommunia
1163 598 1320 676 quaedam.

145 715 356 789 3quapropter
380 719 412 768 tu
438 709 538 786 potius
560 709 623 785 agri
647 706 781 766 culturae
804 715 904 783 partes
927 703 1013 764 nobis
1035 723 1159 783 expone.
1205 705 1322 785 Scrofa,

171 818 243 894 Agri
265 814 409 894 culturae,
432 815 539 894 inquit,
562 821 702 892 quattuor
723 821 794 872 sunt
813 822 912 890 partes
931 830 1077 871 summae:
1100 813 1204 890 equis
1222 813 1321 890 prima

172 925 302 1000 cognitio
327 922 424 1000 iundi,
452 919 547 980 solum
570 928 730 998 partesque
755 921 820 979 eius
843 918 945 996 quates
968 919 1041 999 sint3
1069 918 1214 999 secunda,
1242 939 1324 997 quae
1351 935 1365 973 o

172 1030 202 1088 iu
236 1047 271 1088 eo
304 1027 395 1087 fundo
423 1035 512 1106 opus‘
527 1029 588 1086 sint
614 1045 648 1086 ao
676 1024 803 1084 debeant
830 1043 896 1084 esse
925 1025 1058 1085 culturae
1086 1043 1189 1105 eausa3
1221 1028 1324 1105 tertia,

174 1152 248 1214 quae
273 1136 304 1193 in
327 1151 363 1192 oo
385 1133 507 1212 praedio
526 1132 644 1193 colendi
662 1150 751 1192 causa
771 1133 831 1191 sint
850 1132 997 1212 iacienda3
1021 1142 1135 1213 quarta,
1159 1151 1219 1212 quo
1237 1135 1323 1211 quie·

144 1248 234 1320 ique
258 1250 390 1319 tempore
414 1243 445 1300 in
469 1259 504 1299 oo
528 1240 619 1299 tundo
642 1240 707 1299 fieri
725 1240 889 1298 conveniat,
935 1238 971 1298 de
990 1239 1037 1299 his
1055 1247 1197 1317 quattuor
1215 1258 1324 1318 gener·

171 1351 270 1409 atibus
299 1346 442 1423 partibus
475 1346 607 1424 singulae
636 1347 790 1405 minimum
818 1347 850 1405 in
882 1344 967 1406 binas
994 1345 1167 1406 dividuntur
1194 1348 1325 1426 speeies,

172 1455 250 1534 ‹puod
275 1453 364 1513 habet
386 1455 481 1532 prima
505 1472 538 1512 ea
561 1471 635 1532 quae
655 1451 691 1511 ad
711 1451 806 1512 solum
825 1454 977 1530 pertinent
996 1464 1093 1512 terrae
1112 1461 1143 1513 ot
1162 1451 1366 1530 [aiterum]1o

173 1579 249 1640 «puae
276 1559 312 1619 ad
341 1559 424 1620 villas
452 1569 482 1619 et
509 1558 634 1619 stabula.
680 1559 809 1619 secunda
837 1577 920 1639 parS,
949 1578 1023 1639 quae
1050 1568 1208 1620 moventur
1231 1567 1324 1637 atque

172 1670 203 1727 in
236 1667 328 1727 fundo
361 1666 488 1727 debeant
520 1684 586 1726 esse
619 1665 754 1726 culturae
786 1684 890 1746 causa,
923 1674 970 1725 est
996 1651 1067 1726 item
1096 1666 1254 1746 bipertita,
1287 1665 1326 1726 de

173 1772 353 1852 bominibus,
376 1792 431 1851 per
454 1791 529 1852 qnos
548 1772 714 1853 colendum,
738 1780 768 1832 et
787 1772 824 1832 de
844 1771 960 1851 reliquo
979 1775 1188 1833 instrumento.
1234 1775 1326 1833 tertia

173 1900 242 1960 pars
268 1878 371 1960 [quae]
395 1879 432 1939 de
456 1880 547 1941 robus
569 1880 721 1959 dividitur,
745 1898 820 1958 quae
843 1880 880 1939 ad
904 1898 1052 1958 quamque
1075 1898 1139 1940 rem
1160 1883 1221 1940 sint
1240 1899 1328 1958 prae·

174 1988 303 2067 paranda
336 1996 366 2047 et
398 1987 450 2047 ubi
479 2007 613 2067 quaeque
642 1987 783 2047 iacienda.
831 1994 935 2064 quarta
964 2005 1033 2065 pars
1061 1987 1099 2047 de
1126 1986 1367 2068 temporibus‚15

174 2114 250 2175 quae
274 2094 310 2154 ad
332 2094 403 2155 solis
422 2096 613 2155 circumitum
632 2112 764 2154 annuum
783 2095 843 2153 sint
861 2094 1017 2154 referenda
1036 2103 1066 2154 et
1085 2112 1161 2173 quae
1180 2093 1216 2153 ad
1237 2093 1328 2154 lunae

174 2211 362 2263 menstruum
395 2219 525 2261 cursum.
576 2201 613 2261 de
645 2203 750 2279 primis
783 2208 923 2278 quattuor
950 2200 1086 2279 partibus
1108 2202 1195 2279 prius
1218 2200 1328 2280 dinam,

176 2307 283 2368 deinde
307 2306 447 2368 subtilius
471 2307 507 2367 de
531 2318 598 2367 ooto
621 2303 797 2367 secundia'

137 2413 174 2473 Vl
272 2414 366 2492 Igitur
388 2416 518 2492 primum
541 2414 578 2474 de
601 2412 664 2474 solo
687 2413 772 2473 iundi
794 2413 954 2473 videndum
975 2413 1049 2474 haee
1072 2422 1224 2494 quattuor,
1252 2432 1329 2493 quae

177 2523 217 2581 sit
244 2521 351 2600 forma,
379 2538 438 2598 quo
466 2522 498 2579 in
525 2537 634 2597 genero
661 2529 774 2601 terrae,
803 2530 945 2598 quantus,
974 2538 1062 2598 quam
1089 2540 1144 2600 per
1172 2539 1205 2581 se
1233 2529 1329 2582 tutuo
1343 2541 1368 2580 ao

179 2628 292 2687 formae
315 2646 383 2687 eum
407 2626 466 2686 duo
490 2645 599 2704 genera
621 2629 695 2708 sint,
717 2646 776 2687 una
800 2645 889 2706 quam
911 2634 1017 2687 natura
1040 2627 1100 2707 dat,
1122 2627 1213 2688 altera
1239 2646 1330 2707 quam

251 2906 376 2961 laoolaa
392 2906 419 2959 A
490 2906 727 2977 phylosophorum
742 2908 770 2960 B
842 2905 953 2974 2quod
969 2904 1093 2959 habeant
1106 2904 1168 2961 AB
1181 2908 1251 2974 (non
1264 2913 1332 2977 poet

178 2995 253 3064 quod
284 2994 476 3064 superouipad
499 2993 551 3063 Αἵ)
584 2996 655 3064 quot
686 2964 809 3049 habeant
832 2995 860 3048 P
884 2993 952 3061 quin
978 2994 1140 3049 habeanto
1168 2996 1245 3064 quod
1271 3013 1331 3051 non

178 3137 301 3201 habeant
328 3137 441 3190 coniecit
467 3136 640 3203 Potitium,
667 3137 754 3190 edidit
777 3136 925 3189 Iuewodus
995 3142 1012 3189 3
1035 3138 1067 3190 tn
1088 3088 1332 3210 potiuwpffi

178 3237 267 3273 expono
281 3226 357 3265 torota

179 3281 241 3331 ture
255 3277 355 3346 inquid
368 3279 395 3331 A
457 3276 590 3346 4equis
605 3275 663 3330 ΡΑ
678 3293 711 3329 ex
726 3277 827 3345 quibua
841 3277 869 3331 B
884 3294 898 3330 e
914 3277 1045 3345 quibuov
1105 3278 1222 3334 nfundi
1237 3283 1330 3336 solnm

179 3370 328 3437 partesque
348 3368 407 3422 eiua
423 3367 480 3420 VB
494 3366 573 3421 fundi
587 3366 641 3421 soli
651 3408 675 3422 ..
695 3368 725 3420 et
737 3367 832 3436 paries
846 3365 916 3436 eiua,
929 3372 961 3421 ut
974 3368 1090 3436 videtur,
1104 3370 1213 3424 duabus
1227 3371 1329 3425 litteria

175 3462 239 3527 poet
260 3456 314 3511 soli
332 3457 425 3510 deletis
439 3455 466 3508 A
486 3455 540 3508 ooli
552 3455 633 3509 fundi
647 3458 676 3509 et
689 3457 783 3525 partes
798 3456 857 3510 eiua
871 3473 898 3510 m
970 3463 985 3510 6
1005 3474 1074 3526 opus
1088 3457 1146 3511 sint
1158 3474 1191 3512 ao
1205 3444 1329 3515 debeant

180 3546 361 3600 Schneiderua
388 3561 458 3612 opus
487 3544 553 3596 sunt
581 3560 613 3598 ae
638 3544 759 3599 debeant
780 3544 807 3598 V
831 3563 901 3615 opus
925 3547 990 3600 aunt
1013 3563 1046 3600 ae
1069 3546 1172 3601 debent
1193 3547 1257 3603 AB

180 3633 269 3689 tercia
287 3633 314 3686 A
370 3631 537 3687 isaeienda
552 3633 612 3687 AB
630 3632 763 3688 faciunda
782 3634 808 3687 V
860 3636 979 3703 quioque
997 3635 1056 3689 PA
1068 3635 1192 3706 quidque
1206 3638 1257 3693 Bo

181 3729 197 3776 8
216 3719 393 3791 generalibus
407 3719 546 3790 partibus]
561 3721 709 3790 generibus
728 3723 818 3777 VAB
864 3731 897 3778 10
916 3724 960 3794 ea]
976 3731 1010 3778 ea
1024 3724 1052 3777 A
1097 3724 1231 3796 alterum]
1246 3726 1325 3793 alter·
1350 3761 1394 3777 s

181 3828 240 3864 ram
255 3810 292 3875 A,
306 3810 397 3863 mabit
411 3809 559 3864 Idetutdua
620 3818 651 3864 11
672 3812 792 3866 secunda
806 3829 860 3879 qne
874 3831 939 3882 pars
955 3829 1007 3881 que
1022 3812 1049 3865 A
1103 3815 1254 3868 monentur
1272 3813 1394 3880 ΥΕ

181 3898 321 3953 mouendo
335 3898 395 3952 Am
468 3904 500 3951 12
520 3898 626 3954 debent
640 3899 820 3956 Schneiderua
893 3909 925 3954 13
944 3901 1032 3955 tercia
1046 3901 1073 3955 A
1146 3907 1180 3955 14
1194 3903 1231 3957 ad
1245 3919 1394 3971 quant:-

182 4003 260 4078 'rem
274 3987 302 4040 A
325 3987 361 4042 ad
385 4006 470 4058 quam
493 4004 553 4042 rom
575 4005 602 4042 m
673 3990 883 4057 praeparandae
902 3991 930 4044 B
1003 3995 1037 4045 15
1055 3990 1185 4045 facienda
1203 3991 1265 4046 AB
1286 3990 1394 4053 fh*

181 4079 283 4134 oiunda
302 4077 329 4130 V
395 4085 427 4133 16
447 4077 623 4133 circumitum
637 4077 728 4130 PAB
742 4077 918 4132 circuitumo
982 4095 1104 4133 annuum
1118 4078 1211 4134 A’mv
1226 4083 1394 4145 anum*

181 4176 213 4224 ut
230 4170 339 4224 videbor
357 4167 384 4221 A
402 4183 507 4220 annum
527 4164 588 4220 PB

255 4297 287 4344 19
306 4290 465 4360 Igitur]1)e
484 4289 576 4358 prima
594 4255 660 4360 1111
676 4288 698 4342 11
715 4290 796 4358 paru
810 4290 943 4359 (1.1,11
961 4290 1053 4360 prima
1071 4290 1222 4361 principali
1235 4290 1307 4360 part»
1331 4319 1394 4352 Ἣ.

183 4381 215 4433 ia
233 4380 355 4448 momine
372 4379 525 4433 rubrt‘oaA
597 4381 712 4446 fortoaae
731 4395 786 4446 qua
805 4380 842 4434 sii
860 4379 950 4434 forma
1022 4386 1057 4434 20
1075 4398 1125 4449 per
1139 4396 1169 4434 aa
1183 4376 1394 4440 batuam

183 4469 346 4538 persecutus
365 4469 393 4522 B
411 4471 576 4538 prosecutus
602 4469 626 4522 V
