<?xml version="1.0" encoding="UTF-8"?>
<!DOCTYPE html PUBLIC "-//W3C//DTD XHTML 1.0 Transitional//EN"
    "http://www.w3.org/TR/xhtml1/DTD/xhtml1-transitional.dtd">
<html xmlns="http://www.w3.org/1999/xhtml" xml:lang="en" lang="en">
 <head>
  <title>
</title>
<meta http-equiv="Content-Type" content="text/html;charset=utf-8" />
  <meta name='ocr-system' content='tesseract 3.04.00' />
  <meta name='ocr-capabilities' content='ocr_page ocr_carea ocr_par ocr_line ocrx_word'/>
</head>
<body>
  <div class='ocr_page' id='page_1' title='image "./mporcicatonisde01keilgoog_0056.png"; bbox 0 0 3000 5026; ppageno 0'>
   <div class='ocr_carea' id='block_1_1' title="bbox 388 335 1232 399">
    <p class='ocr_par' dir='ltr' id='par_1_1' title="bbox 388 335 1232 399">
     <span class='ocr_line' id='line_1_1' title="bbox 388 335 1232 399; baseline 0.011 -9"><span class='ocrx_word' id='word_1_1' title='bbox 388 337 437 390; x_wconf 82' lang='lat' dir='ltr'>DE</span> <span class='ocrx_word' id='word_1_2' title='bbox 456 336 545 391; x_wconf 80' lang='lat' dir='ltr'>Aeni</span> <span class='ocrx_word' id='word_1_3' title='bbox 563 335 735 391; x_wconf 82' lang='lat' dir='ltr'>CVLTVRA</span> <span class='ocrx_word' id='word_1_4' title='bbox 755 336 783 390; x_wconf 82' lang='lat' dir='ltr'>C.</span> <span class='ocrx_word' id='word_1_5' title='bbox 806 336 934 396; x_wconf 79' lang='lat'>17-18</span> <span class='ocrx_word' id='word_1_6' title='bbox 1191 335 1232 399; x_wconf 86' lang='grc'>31</span> 
     </span>
    </p>
   </div>
   <div class='ocr_carea' id='block_1_2' title="bbox 19 503 1314 2717">
    <p class='ocr_par' dir='ltr' id='par_1_2' title="bbox 19 503 1314 2717">
     <span class='ocr_line' id='line_1_2' title="bbox 100 503 1234 584; baseline -0.002 -21"><span class='ocrx_word' id='word_1_7' title='bbox 100 503 163 564; x_wconf 92' lang='lat' dir='ltr'>bore</span> <span class='ocrx_word' id='word_1_8' title='bbox 188 504 317 584; x_wconf 84' lang='lat' dir='ltr'>explete,</span> <span class='ocrx_word' id='word_1_9' title='bbox 342 522 377 563; x_wconf 91' lang='lat' dir='ltr'>eo</span> <span class='ocrx_word' id='word_1_10' title='bbox 395 503 550 582; x_wconf 87' lang='lat' dir='ltr'>plumbum</span> <span class='ocrx_word' id='word_1_11' title='bbox 569 503 725 563; x_wconf 80' lang='lat' dir='ltr'>infundite.</span> <span class='ocrx_word' id='word_1_12' title='bbox 762 505 947 581; x_wconf 92' lang='lat' dir='ltr'>superiorem</span> <span class='ocrx_word' id='word_1_13' title='bbox 961 511 1076 582; x_wconf 90' lang='lat' dir='ltr'>partem</span> <span class='ocrx_word' id='word_1_14' title='bbox 1095 503 1234 562; x_wconf 90' lang='lat' dir='ltr'>arborum</span> 
     </span>
     <span class='ocr_line' id='line_1_3' title="bbox 99 609 1235 690; baseline 0 -21"><span class='ocrx_word' id='word_1_15' title='bbox 99 610 200 688; x_wconf 85' lang='lat' dir='ltr'>digitos</span> <span class='ocrx_word' id='word_1_16' title='bbox 224 626 260 671; x_wconf 85' lang='lat' dir='ltr'>vl</span> <span class='ocrx_word' id='word_1_17' title='bbox 284 610 371 670; x_wconf 91' lang='lat' dir='ltr'>altam</span> <span class='ocrx_word' id='word_1_18' title='bbox 395 611 484 671; x_wconf 85' lang='lat' dir='ltr'>facito</span> <span class='ocrx_word' id='word_1_19' title='bbox 508 609 608 690; x_wconf 80' lang='lat' dir='ltr'>[siet],</span> <span class='ocrx_word' id='word_1_20' title='bbox 637 628 671 669; x_wconf 91' lang='lat' dir='ltr'>ee</span> <span class='ocrx_word' id='word_1_21' title='bbox 696 611 857 688; x_wconf 80' lang='lat' dir='ltr'>capitulum</span> <span class='ocrx_word' id='word_1_22' title='bbox 880 611 1037 671; x_wconf 90' lang='lat' dir='ltr'>robustum</span> <span class='ocrx_word' id='word_1_23' title='bbox 1059 611 1166 690; x_wconf 93' lang='lat' dir='ltr'>indite,</span> <span class='ocrx_word' id='word_1_24' title='bbox 1190 612 1235 669; x_wconf 91' lang='lat' dir='ltr'>uti</span> 
     </span>
     <span class='ocr_line' id='line_1_4' title="bbox 99 716 1271 796; baseline -0.002 -20"><span class='ocrx_word' id='word_1_25' title='bbox 99 719 149 776; x_wconf 92' lang='lat' dir='ltr'>siet</span> <span class='ocrx_word' id='word_1_26' title='bbox 171 720 289 796; x_wconf 76' lang='lat' dir='ltr'>stipites</span> <span class='ocrx_word' id='word_1_27' title='bbox 303 717 356 777; x_wconf 92' lang='lat' dir='ltr'>ubi</span> <span class='ocrx_word' id='word_1_28' title='bbox 370 725 457 777; x_wconf 91' lang='lat' dir='ltr'>stent.</span> <span class='ocrx_word' id='word_1_29' title='bbox 495 716 686 776; x_wconf 85' lang='lat' dir='ltr'>fundamenta</span> <span class='ocrx_word' id='word_1_30' title='bbox 704 732 733 776; x_wconf 99' lang='lat' dir='ltr'>P.</span> <span class='ocrx_word' id='word_1_31' title='bbox 752 732 776 776; x_wconf 91' lang='lat' dir='ltr'>v</span> <span class='ocrx_word' id='word_1_32' title='bbox 795 718 896 796; x_wconf 82' lang='lat' dir='ltr'>lecito,</span> <span class='ocrx_word' id='word_1_33' title='bbox 920 717 970 776; x_wconf 81' lang='lat' dir='ltr'>ibi¹</span> <span class='ocrx_word' id='word_1_34' title='bbox 981 717 1094 776; x_wconf 92' lang='lat' dir='ltr'>silicem</span> <span class='ocrx_word' id='word_1_35' title='bbox 1113 717 1234 794; x_wconf 86' lang='lat' dir='ltr'>lengum</span> <span class='ocrx_word' id='word_1_36' title='bbox 1253 719 1271 774; x_wconf 82' lang='lat'>5</span> 
     </span>
     <span class='ocr_line' id='line_1_5' title="bbox 97 823 1234 904; baseline 0.001 -23"><span class='ocrx_word' id='word_1_37' title='bbox 97 837 121 882; x_wconf 91' lang='lat' dir='ltr'>P.</span> <span class='ocrx_word' id='word_1_38' title='bbox 137 838 164 883; x_wconf 92' lang='lat'>11</span> <span class='ocrx_word' id='word_1_39' title='bbox 183 837 209 903; x_wconf 85' lang='lat' dir='ltr'>s,</span> <span class='ocrx_word' id='word_1_40' title='bbox 229 823 367 883; x_wconf 86' lang='lat' dir='ltr'>latum&#39;P.</span> <span class='ocrx_word' id='word_1_41' title='bbox 387 838 412 882; x_wconf 92' lang='lat'>11</span> <span class='ocrx_word' id='word_1_42' title='bbox 432 837 462 903; x_wconf 84' lang='lat' dir='ltr'>s,</span> <span class='ocrx_word' id='word_1_43' title='bbox 487 841 620 882; x_wconf 90' lang='lat' dir='ltr'>crassum</span> <span class='ocrx_word' id='word_1_44' title='bbox 639 838 668 882; x_wconf 87' lang='lat' dir='ltr'>P.</span> <span class='ocrx_word' id='word_1_45' title='bbox 687 837 701 882; x_wconf 88' lang='lat'>1</span> <span class='ocrx_word' id='word_1_46' title='bbox 720 837 736 883; x_wconf 89' lang='lat' dir='ltr'>s</span> <span class='ocrx_word' id='word_1_47' title='bbox 760 823 880 900; x_wconf 89' lang='lat' dir='ltr'>planum</span> <span class='ocrx_word' id='word_1_48' title='bbox 899 827 1034 904; x_wconf 89' lang='lat' dir='ltr'>statuite,</span> <span class='ocrx_word' id='word_1_49' title='bbox 1057 824 1099 883; x_wconf 91' lang='lat' dir='ltr'>ibi</span> <span class='ocrx_word' id='word_1_50' title='bbox 1117 826 1234 901; x_wconf 80' lang='lat' dir='ltr'>stipites</span> 
     </span>
     <span class='ocr_line' id='line_1_6' title="bbox 19 930 1270 1008; baseline -0.002 -16"><span class='ocrx_word' id='word_1_51' title='bbox 19 951 57 992; x_wconf 84' lang='lat'><strong>5</strong></span> <span class='ocrx_word' id='word_1_52' title='bbox 99 932 223 990; x_wconf 88' lang='lat' dir='ltr'>statuite.</span> <span class='ocrx_word' id='word_1_53' title='bbox 265 933 337 990; x_wconf 93' lang='lat' dir='ltr'>item</span> <span class='ocrx_word' id='word_1_54' title='bbox 364 930 489 990; x_wconf 88' lang='lat' dir='ltr'>alterum</span> <span class='ocrx_word' id='word_1_55' title='bbox 518 932 650 1008; x_wconf 87' lang='lat' dir='ltr'>stipitem</span> <span class='ocrx_word' id='word_1_56' title='bbox 679 932 827 990; x_wconf 85' lang='lat' dir='ltr'>statuite.</span> <span class='ocrx_word' id='word_1_57' title='bbox 848 933 971 1008; x_wconf 81' lang='lat' dir='ltr'>insuper</span> <span class='ocrx_word' id='word_1_58' title='bbox 998 931 1119 990; x_wconf 92' lang='lat' dir='ltr'>arbores</span> <span class='ocrx_word' id='word_1_59' title='bbox 1152 933 1270 1008; x_wconf 73' lang='lat' dir='ltr'>stipi·</span> 
     </span>
     <span class='ocr_line' id='line_1_7' title="bbox 99 1036 1235 1117; baseline 0.002 -23"><span class='ocrx_word' id='word_1_60' title='bbox 99 1042 196 1116; x_wconf 88' lang='lat' dir='ltr'>tesque</span> <span class='ocrx_word' id='word_1_61' title='bbox 221 1036 335 1097; x_wconf 85' lang='lat' dir='ltr'>trabem</span> <span class='ocrx_word' id='word_1_62' title='bbox 359 1038 476 1115; x_wconf 91' lang='lat' dir='ltr'>planam</span> <span class='ocrx_word' id='word_1_63' title='bbox 497 1039 632 1114; x_wconf 85' lang='lat' dir='ltr'>inponite</span> <span class='ocrx_word' id='word_1_64' title='bbox 656 1037 744 1097; x_wconf 90' lang='lat' dir='ltr'>latam</span> <span class='ocrx_word' id='word_1_65' title='bbox 762 1053 790 1097; x_wconf 94' lang='lat' dir='ltr'>P.</span> <span class='ocrx_word' id='word_1_66' title='bbox 810 1038 1002 1117; x_wconf 79' lang='lat' dir='ltr'>11,&#39;-erassam</span> <span class='ocrx_word' id='word_1_67' title='bbox 1021 1053 1050 1097; x_wconf 87' lang='lat' dir='ltr'>P.</span> <span class='ocrx_word' id='word_1_68' title='bbox 1069 1053 1094 1117; x_wconf 90' lang='lat'>1,</span> <span class='ocrx_word' id='word_1_69' title='bbox 1117 1036 1235 1114; x_wconf 88' lang='lat' dir='ltr'>longam</span> 
     </span>
     <span class='ocr_line' id='line_1_8' title="bbox 96 1143 1234 1224; baseline 0.002 -24"><span class='ocrx_word' id='word_1_70' title='bbox 96 1155 124 1200; x_wconf 87' lang='lat' dir='ltr'>P.</span> <span class='ocrx_word' id='word_1_71' title='bbox 140 1159 273 1224; x_wconf 82' lang='lat' dir='ltr'>xxxvn,</span> <span class='ocrx_word' id='word_1_72' title='bbox 302 1145 348 1204; x_wconf 89' lang='lat' dir='ltr'>vel</span> <span class='ocrx_word' id='word_1_73' title='bbox 376 1143 510 1222; x_wconf 88' lang='lat' dir='ltr'>duplices</span> <span class='ocrx_word' id='word_1_74' title='bbox 538 1144 645 1222; x_wconf 93' lang='lat' dir='ltr'>indito,</span> <span class='ocrx_word' id='word_1_75' title='bbox 673 1145 699 1202; x_wconf 89' lang='lat' dir='ltr'>si</span> <span class='ocrx_word' id='word_1_76' title='bbox 727 1143 835 1203; x_wconf 90' lang='lat' dir='ltr'>solidas</span> <span class='ocrx_word' id='word_1_77' title='bbox 858 1163 917 1204; x_wconf 91' lang='lat' dir='ltr'>non</span> <span class='ocrx_word' id='word_1_78' title='bbox 940 1144 1072 1204; x_wconf 79' lang='lat' dir='ltr'>habebis,</span> <span class='ocrx_word' id='word_1_79' title='bbox 1106 1144 1161 1204; x_wconf 93' lang='lat' dir='ltr'>sub</span> <span class='ocrx_word' id='word_1_80' title='bbox 1185 1163 1234 1203; x_wconf 93' lang='lat' dir='ltr'>eas</span> 
     </span>
     <span class='ocr_line' id='line_1_9' title="bbox 97 1250 1234 1331; baseline 0.004 -26"><span class='ocrx_word' id='word_1_81' title='bbox 97 1250 190 1311; x_wconf 91' lang='lat' dir='ltr'>trabes</span> <span class='ocrx_word' id='word_1_82' title='bbox 209 1254 289 1311; x_wconf 87' lang='lat' dir='ltr'>inter</span> <span class='ocrx_word' id='word_1_83' title='bbox 308 1251 417 1310; x_wconf 88' lang='lat' dir='ltr'>canalis</span> <span class='ocrx_word' id='word_1_84' title='bbox 432 1259 462 1311; x_wconf 91' lang='lat' dir='ltr'>et</span> <span class='ocrx_word' id='word_1_85' title='bbox 476 1253 604 1328; x_wconf 89' lang='lat' dir='ltr'>parietes</span> <span class='ocrx_word' id='word_1_86' title='bbox 620 1259 776 1331; x_wconf 79' lang='lat' dir='ltr'>extremm,</span> <span class='ocrx_word' id='word_1_87' title='bbox 799 1251 852 1310; x_wconf 92' lang='lat' dir='ltr'>ubi</span> <span class='ocrx_word' id='word_1_88' title='bbox 866 1253 975 1329; x_wconf 86' lang='lat' dir='ltr'>trapeti</span> <span class='ocrx_word' id='word_1_89' title='bbox 989 1259 1076 1331; x_wconf 92' lang='lat' dir='ltr'>stent,</span> <span class='ocrx_word' id='word_1_90' title='bbox 1100 1251 1234 1311; x_wconf 85' lang='lat' dir='ltr'>trabecu-</span> 
     </span>
     <span class='ocr_line' id='line_1_10' title="bbox 95 1346 1314 1439; baseline 0.003 -25"><span class='ocrx_word' id='word_1_91' title='bbox 95 1351 149 1414; x_wconf 80' lang='lat' dir='ltr'>lam</span> <span class='ocrx_word' id='word_1_92' title='bbox 172 1357 281 1434; x_wconf 93' lang='lat' dir='ltr'>pedum</span> <span class='ocrx_word' id='word_1_93' title='bbox 300 1373 386 1418; x_wconf 82' lang='lat' dir='ltr'>xxm</span> <span class='ocrx_word' id='word_1_94' title='bbox 406 1372 422 1418; x_wconf 84' lang='lat' dir='ltr'>s</span> <span class='ocrx_word' id='word_1_95' title='bbox 447 1361 580 1436; x_wconf 93' lang='lat' dir='ltr'>inponite</span> <span class='ocrx_word' id='word_1_96' title='bbox 605 1359 848 1439; x_wconf 88' lang='lat' dir='ltr'>sesquipedalem,</span> <span class='ocrx_word' id='word_1_97' title='bbox 872 1366 923 1418; x_wconf 89' lang='lat' dir='ltr'>aut</span> <span class='ocrx_word' id='word_1_98' title='bbox 941 1359 1026 1417; x_wconf 91' lang='lat' dir='ltr'>binas</span> <span class='ocrx_word' id='word_1_99' title='bbox 1041 1377 1095 1436; x_wconf 90' lang='lat' dir='ltr'>pre</span> <span class='ocrx_word' id='word_1_100' title='bbox 1111 1359 1235 1436; x_wconf 87' lang='lat' dir='ltr'>singulis</span> <span class='ocrx_word' id='word_1_101' title='bbox 1312 1346 1314 1351; x_wconf 8' lang='grc' dir='ltr'><strong><em>Β</em></strong></span> 
     </span>
     <span class='ocr_line' id='line_1_11' title="bbox 28 1464 1273 1545; baseline 0.007 -27"><span class='ocrx_word' id='word_1_102' title='bbox 28 1479 69 1518; x_wconf 76' lang='grc' dir='ltr'>ιο</span> <span class='ocrx_word' id='word_1_103' title='bbox 99 1475 134 1518; x_wconf 86' lang='lat' dir='ltr'>ee</span> <span class='ocrx_word' id='word_1_104' title='bbox 152 1467 320 1541; x_wconf 88' lang='lat' dir='ltr'>supponite.</span> <span class='ocrx_word' id='word_1_105' title='bbox 356 1467 386 1524; x_wconf 92' lang='lat' dir='ltr'>in</span> <span class='ocrx_word' id='word_1_106' title='bbox 410 1467 447 1524; x_wconf 96' lang='lat' dir='ltr'>iis</span> <span class='ocrx_word' id='word_1_107' title='bbox 465 1464 626 1524; x_wconf 77' lang='lat' dir='ltr'>trabeculis</span> <span class='ocrx_word' id='word_1_108' title='bbox 645 1465 756 1545; x_wconf 87' lang='lat' dir='ltr'>trabes,</span> <span class='ocrx_word' id='word_1_109' title='bbox 781 1485 855 1544; x_wconf 90' lang='lat' dir='ltr'>quae</span> <span class='ocrx_word' id='word_1_110' title='bbox 870 1468 993 1543; x_wconf 91' lang='lat' dir='ltr'>insuper</span> <span class='ocrx_word' id='word_1_111' title='bbox 1012 1465 1133 1525; x_wconf 87' lang='lat' dir='ltr'>arbores</span> <span class='ocrx_word' id='word_1_112' title='bbox 1153 1468 1235 1543; x_wconf 91' lang='lat' dir='ltr'>stipi·</span> <span class='ocrx_word' id='word_1_113' title='bbox 1256 1471 1273 1527; x_wconf 87' lang='grc'><strong>6</strong></span> 
     </span>
     <span class='ocr_line' id='line_1_12' title="bbox 98 1571 1235 1650; baseline 0.007 -27"><span class='ocrx_word' id='word_1_114' title='bbox 98 1571 142 1626; x_wconf 85' lang='lat' dir='ltr'>tes</span> <span class='ocrx_word' id='word_1_115' title='bbox 158 1579 243 1650; x_wconf 90' lang='lat' dir='ltr'>stant,</span> <span class='ocrx_word' id='word_1_116' title='bbox 268 1571 433 1631; x_wconf 89' lang='lat' dir='ltr'>conlocato:</span> <span class='ocrx_word' id='word_1_117' title='bbox 456 1574 487 1631; x_wconf 92' lang='lat' dir='ltr'>in</span> <span class='ocrx_word' id='word_1_118' title='bbox 510 1573 547 1631; x_wconf 91' lang='lat' dir='ltr'>iis</span> <span class='ocrx_word' id='word_1_119' title='bbox 571 1574 661 1648; x_wconf 90' lang='lat' dir='ltr'>tignis</span> <span class='ocrx_word' id='word_1_120' title='bbox 684 1575 812 1649; x_wconf 92' lang='lat' dir='ltr'>parietes</span> <span class='ocrx_word' id='word_1_121' title='bbox 837 1575 965 1633; x_wconf 80' lang='lat' dir='ltr'>extruite</span> <span class='ocrx_word' id='word_1_122' title='bbox 984 1574 1158 1650; x_wconf 85' lang='lat' dir='ltr'>iungiteque</span> <span class='ocrx_word' id='word_1_123' title='bbox 1177 1591 1235 1631; x_wconf 91' lang='lat' dir='ltr'>ma-</span> 
     </span>
     <span class='ocr_line' id='line_1_13' title="bbox 99 1677 1235 1758; baseline 0.004 -26"><span class='ocrx_word' id='word_1_124' title='bbox 99 1677 197 1757; x_wconf 86' lang='lat' dir='ltr'>teriae,</span> <span class='ocrx_word' id='word_1_125' title='bbox 226 1679 271 1736; x_wconf 94' lang='lat' dir='ltr'>uti</span> <span class='ocrx_word' id='word_1_126' title='bbox 299 1680 398 1737; x_wconf 89' lang='lat' dir='ltr'>oneris</span> <span class='ocrx_word' id='word_1_127' title='bbox 423 1680 494 1737; x_wconf 88' lang='lat' dir='ltr'>satis</span> <span class='ocrx_word' id='word_1_128' title='bbox 517 1677 631 1737; x_wconf 88' lang='lat' dir='ltr'>habeat.</span> <span class='ocrx_word' id='word_1_129' title='bbox 668 1696 748 1737; x_wconf 93' lang='lat' dir='ltr'>aram</span> <span class='ocrx_word' id='word_1_130' title='bbox 772 1679 823 1738; x_wconf 93' lang='lat' dir='ltr'>ubi</span> <span class='ocrx_word' id='word_1_131' title='bbox 846 1680 949 1758; x_wconf 87' lang='lat' dir='ltr'>facies,</span> <span class='ocrx_word' id='word_1_132' title='bbox 978 1679 1068 1756; x_wconf 92' lang='lat' dir='ltr'>pedes</span> <span class='ocrx_word' id='word_1_133' title='bbox 1087 1695 1111 1739; x_wconf 89' lang='lat' dir='ltr'><strong>v</strong></span> <span class='ocrx_word' id='word_1_134' title='bbox 1134 1680 1235 1739; x_wconf 89' lang='lat' dir='ltr'>lunda-</span> 
     </span>
     <span class='ocr_line' id='line_1_14' title="bbox 95 1783 1235 1864; baseline 0.006 -27"><span class='ocrx_word' id='word_1_135' title='bbox 95 1791 191 1843; x_wconf 88' lang='lat' dir='ltr'>menta</span> <span class='ocrx_word' id='word_1_136' title='bbox 209 1783 267 1842; x_wconf 90' lang='lat' dir='ltr'>alta</span> <span class='ocrx_word' id='word_1_137' title='bbox 281 1784 379 1864; x_wconf 87' lang='lat' dir='ltr'>facito,</span> <span class='ocrx_word' id='word_1_138' title='bbox 398 1784 455 1843; x_wconf 89' lang='lat' dir='ltr'>lata</span> <span class='ocrx_word' id='word_1_139' title='bbox 469 1799 498 1844; x_wconf 86' lang='lat' dir='ltr'>P.</span> <span class='ocrx_word' id='word_1_140' title='bbox 512 1799 558 1864; x_wconf 81' lang='lat' dir='ltr'>VI,</span> <span class='ocrx_word' id='word_1_141' title='bbox 578 1803 658 1845; x_wconf 85' lang='lat' dir='ltr'>aram</span> <span class='ocrx_word' id='word_1_142' title='bbox 677 1793 707 1844; x_wconf 88' lang='lat' dir='ltr'>et</span> <span class='ocrx_word' id='word_1_143' title='bbox 726 1785 857 1845; x_wconf 88' lang='lat' dir='ltr'>canalem</span> <span class='ocrx_word' id='word_1_144' title='bbox 871 1786 1031 1845; x_wconf 91' lang='lat' dir='ltr'>rutundam</span> <span class='ocrx_word' id='word_1_145' title='bbox 1046 1787 1133 1846; x_wconf 88' lang='lat' dir='ltr'>laeite</span> <span class='ocrx_word' id='word_1_146' title='bbox 1148 1786 1235 1845; x_wconf 85' lang='lat' dir='ltr'>latam</span> 
     </span>
     <span class='ocr_line' id='line_1_15' title="bbox 94 1892 1273 1969; baseline 0.003 -21"><span class='ocrx_word' id='word_1_147' title='bbox 94 1896 118 1944; x_wconf 88' lang='grc' dir='ltr'>Ρ.</span> <span class='ocrx_word' id='word_1_148' title='bbox 133 1903 192 1949; x_wconf 88' lang='lat'><em>1111</em></span> <span class='ocrx_word' id='word_1_149' title='bbox 207 1904 238 1969; x_wconf 89' lang='lat' dir='ltr'>s,</span> <span class='ocrx_word' id='word_1_150' title='bbox 262 1898 394 1950; x_wconf 89' lang='lat' dir='ltr'>ceterum</span> <span class='ocrx_word' id='word_1_151' title='bbox 410 1894 610 1968; x_wconf 85' lang='lat' dir='ltr'>pavimentum</span> <span class='ocrx_word' id='word_1_152' title='bbox 629 1898 724 1950; x_wconf 90' lang='lat' dir='ltr'>tetum</span> <span class='ocrx_word' id='word_1_153' title='bbox 739 1892 928 1951; x_wconf 84' lang='lat' dir='ltr'>fundamenta</span> <span class='ocrx_word' id='word_1_154' title='bbox 947 1908 975 1952; x_wconf 88' lang='lat' dir='ltr'>P.</span> <span class='ocrx_word' id='word_1_155' title='bbox 990 1907 1017 1952; x_wconf 90' lang='lat'>11</span> <span class='ocrx_word' id='word_1_156' title='bbox 1036 1894 1133 1954; x_wconf 86' lang='lat' dir='ltr'>facito.</span> <span class='ocrx_word' id='word_1_157' title='bbox 1171 1894 1234 1952; x_wconf 81' lang='lat' dir='ltr'>liin·</span> <span class='ocrx_word' id='word_1_158' title='bbox 1257 1899 1273 1953; x_wconf 81' lang='lat'>7</span> 
     </span>
     <span class='ocr_line' id='line_1_16' title="bbox 55 1988 1235 2077; baseline 0.004 -25"><span class='ocrx_word' id='word_1_159' title='bbox 55 2003 78 2041; x_wconf 79' lang='lat'>1⁵</span> <span class='ocrx_word' id='word_1_160' title='bbox 89 1988 229 2056; x_wconf 79' lang='lat' dir='ltr'>damonia</span> <span class='ocrx_word' id='word_1_161' title='bbox 253 1999 382 2075; x_wconf 91' lang='lat' dir='ltr'>primum</span> <span class='ocrx_word' id='word_1_162' title='bbox 406 1999 559 2077; x_wconf 80' lang='lat' dir='ltr'>festucato,</span> <span class='ocrx_word' id='word_1_163' title='bbox 583 2005 684 2076; x_wconf 89' lang='lat' dir='ltr'>postea</span> <span class='ocrx_word' id='word_1_164' title='bbox 709 2001 869 2058; x_wconf 90' lang='lat' dir='ltr'>caementis</span> <span class='ocrx_word' id='word_1_165' title='bbox 892 2001 1015 2058; x_wconf 88' lang='lat' dir='ltr'>minutis</span> <span class='ocrx_word' id='word_1_166' title='bbox 1039 2007 1069 2058; x_wconf 94' lang='lat' dir='ltr'>et</span> <span class='ocrx_word' id='word_1_167' title='bbox 1092 1999 1171 2058; x_wconf 87' lang='lat' dir='ltr'>calce</span> <span class='ocrx_word' id='word_1_168' title='bbox 1186 1998 1235 2057; x_wconf 92' lang='lat' dir='ltr'>l1a-</span> 
     </span>
     <span class='ocr_line' id='line_1_17' title="bbox 81 2104 1294 2183; baseline 0.011 -27"><span class='ocrx_word' id='word_1_169' title='bbox 81 2111 195 2163; x_wconf 83' lang='lat' dir='ltr'>renate</span> <span class='ocrx_word' id='word_1_170' title='bbox 219 2104 400 2181; x_wconf 88' lang='lat' dir='ltr'>semipedem</span> <span class='ocrx_word' id='word_1_171' title='bbox 425 2123 517 2164; x_wconf 94' lang='lat' dir='ltr'>unum</span> <span class='ocrx_word' id='word_1_172' title='bbox 543 2105 681 2183; x_wconf 88' lang='lat' dir='ltr'>quodque</span> <span class='ocrx_word' id='word_1_173' title='bbox 710 2107 823 2164; x_wconf 90' lang='lat' dir='ltr'>corium</span> <span class='ocrx_word' id='word_1_174' title='bbox 848 2107 963 2165; x_wconf 92' lang='lat' dir='ltr'>struite.</span> <span class='ocrx_word' id='word_1_175' title='bbox 1005 2108 1171 2183; x_wconf 86' lang='lat' dir='ltr'>pavimenta</span> <span class='ocrx_word' id='word_1_176' title='bbox 1199 2105 1233 2164; x_wconf 91' lang='lat' dir='ltr'>ad</span> <span class='ocrx_word' id='word_1_177' title='bbox 1293 2165 1294 2169; x_wconf 75' lang='grc'>,</span> 
     </span>
     <span class='ocr_line' id='line_1_18' title="bbox 72 2197 1234 2291; baseline 0.006 -26"><span class='ocrx_word' id='word_1_178' title='bbox 72 2197 174 2270; x_wconf 79' lang='lat' dir='ltr'>lune</span> <span class='ocrx_word' id='word_1_179' title='bbox 195 2211 315 2271; x_wconf 90' lang='lat' dir='ltr'>medum</span> <span class='ocrx_word' id='word_1_180' title='bbox 344 2211 445 2270; x_wconf 89' lang='lat' dir='ltr'>laeite:</span> <span class='ocrx_word' id='word_1_181' title='bbox 474 2210 526 2269; x_wconf 93' lang='lat' dir='ltr'>ubi</span> <span class='ocrx_word' id='word_1_182' title='bbox 553 2210 720 2291; x_wconf 80' lang='lat' dir='ltr'>libraveris,</span> <span class='ocrx_word' id='word_1_183' title='bbox 748 2212 784 2271; x_wconf 94' lang='lat' dir='ltr'>de</span> <span class='ocrx_word' id='word_1_184' title='bbox 813 2212 910 2290; x_wconf 85' lang='lat' dir='ltr'>glarea</span> <span class='ocrx_word' id='word_1_185' title='bbox 939 2220 968 2270; x_wconf 92' lang='lat' dir='ltr'>et</span> <span class='ocrx_word' id='word_1_186' title='bbox 991 2212 1070 2272; x_wconf 88' lang='lat' dir='ltr'>ealce</span> <span class='ocrx_word' id='word_1_187' title='bbox 1094 2213 1234 2272; x_wconf 88' lang='lat' dir='ltr'>harenato</span> 
     </span>
     <span class='ocr_line' id='line_1_19' title="bbox 62 2295 1235 2427; baseline -0.002 -46"><span class='ocrx_word' id='word_1_188' title='bbox 62 2314 221 2381; x_wconf 77' lang='lat' dir='ltr'>Plinium</span> <span class='ocrx_word' id='word_1_189' title='bbox 240 2319 356 2377; x_wconf 93' lang='lat' dir='ltr'>cerium</span> <span class='ocrx_word' id='word_1_190' title='bbox 371 2317 467 2396; x_wconf 85' lang='lat' dir='ltr'>lecito,</span> <span class='ocrx_word' id='word_1_191' title='bbox 482 2318 511 2376; x_wconf 93' lang='lat' dir='ltr'>id</span> <span class='ocrx_word' id='word_1_192' title='bbox 527 2317 595 2394; x_wconf 91' lang='lat' dir='ltr'>pilis</span> <span class='ocrx_word' id='word_1_193' title='bbox 615 2318 752 2397; x_wconf 83' lang='lat' dir='ltr'>subigito,</span> <span class='ocrx_word' id='word_1_194' title='bbox 765 2295 851 2377; x_wconf 55' lang='lat' dir='ltr'>&#39;idem</span> <span class='ocrx_word' id='word_1_195' title='bbox 865 2318 990 2427; x_wconf 66' lang='lat' dir='ltr'>alterum</span> <span class='ocrx_word' id='word_1_196' title='bbox 1006 2321 1120 2379; x_wconf 89' lang='lat' dir='ltr'>cerium</span> <span class='ocrx_word' id='word_1_197' title='bbox 1134 2321 1235 2380; x_wconf 88' lang='lat' dir='ltr'>facite:</span> 
     </span>
     <span class='ocr_line' id='line_1_20' title="bbox 60 2424 1235 2505; baseline 0.001 -22"><span class='ocrx_word' id='word_1_198' title='bbox 60 2430 87 2474; x_wconf 73' lang='lat' dir='ltr'>e⁰</span> <span class='ocrx_word' id='word_1_199' title='bbox 138 2424 262 2484; x_wconf 83' lang='lat' dir='ltr'>calcem</span> <span class='ocrx_word' id='word_1_200' title='bbox 286 2424 385 2484; x_wconf 89' lang='lat' dir='ltr'>cribro</span> <span class='ocrx_word' id='word_1_201' title='bbox 409 2424 577 2489; x_wconf 89' lang='lat' dir='ltr'>suberetam</span> <span class='ocrx_word' id='word_1_202' title='bbox 602 2425 695 2484; x_wconf 90' lang='lat' dir='ltr'>indite</span> <span class='ocrx_word' id='word_1_203' title='bbox 720 2425 776 2484; x_wconf 85' lang='lat' dir='ltr'>alte</span> <span class='ocrx_word' id='word_1_204' title='bbox 800 2426 909 2502; x_wconf 83' lang='lat' dir='ltr'>digitos</span> <span class='ocrx_word' id='word_1_205' title='bbox 933 2427 1005 2505; x_wconf 91' lang='lat' dir='ltr'>due,</span> <span class='ocrx_word' id='word_1_206' title='bbox 1034 2426 1135 2486; x_wconf 90' lang='lat' dir='ltr'>ibide</span> <span class='ocrx_word' id='word_1_207' title='bbox 1160 2433 1235 2486; x_wconf 92' lang='lat' dir='ltr'>testa</span> 
     </span>
     <span class='ocr_line' id='line_1_21' title="bbox 24 2526 1302 2613; baseline 0.009 -34"><span class='ocrx_word' id='word_1_208' title='bbox 24 2526 176 2590; x_wconf 69' lang='lat' dir='ltr'>aalide</span> <span class='ocrx_word' id='word_1_209' title='bbox 203 2535 402 2610; x_wconf 91' lang='lat' dir='ltr'>pavimentum</span> <span class='ocrx_word' id='word_1_210' title='bbox 431 2534 551 2591; x_wconf 90' lang='lat' dir='ltr'>struite:</span> <span class='ocrx_word' id='word_1_211' title='bbox 582 2531 634 2591; x_wconf 91' lang='lat' dir='ltr'>ubi</span> <span class='ocrx_word' id='word_1_212' title='bbox 662 2540 808 2592; x_wconf 87' lang='lat' dir='ltr'>structum</span> <span class='ocrx_word' id='word_1_213' title='bbox 839 2535 908 2613; x_wconf 85' lang='lat' dir='ltr'>erit,</span> <span class='ocrx_word' id='word_1_214' title='bbox 937 2536 1034 2611; x_wconf 88' lang='lat' dir='ltr'>pavito</span> <span class='ocrx_word' id='word_1_215' title='bbox 1063 2535 1235 2611; x_wconf 89' lang='lat' dir='ltr'>lricatoque,</span> <span class='ocrx_word' id='word_1_216' title='bbox 1300 2597 1302 2608; x_wconf 34' lang='lat'><strong>¹</strong></span> 
     </span>
     <span class='ocr_line' id='line_1_22' title="bbox 55 2631 1274 2717; baseline 0.011 -30"><span class='ocrx_word' id='word_1_217' title='bbox 55 2631 97 2689; x_wconf 87' lang='lat' dir='ltr'>uti</span> <span class='ocrx_word' id='word_1_218' title='bbox 169 2642 367 2716; x_wconf 86' lang='lat' dir='ltr'>pavimentum</span> <span class='ocrx_word' id='word_1_219' title='bbox 390 2638 501 2697; x_wconf 92' lang='lat' dir='ltr'>bonum</span> <span class='ocrx_word' id='word_1_220' title='bbox 525 2641 588 2697; x_wconf 92' lang='lat' dir='ltr'>siet.</span> <span class='ocrx_word' id='word_1_221' title='bbox 626 2638 747 2698; x_wconf 89' lang='lat' dir='ltr'>arbores</span> <span class='ocrx_word' id='word_1_222' title='bbox 771 2641 888 2717; x_wconf 89' lang='lat' dir='ltr'>stipites</span> <span class='ocrx_word' id='word_1_223' title='bbox 912 2639 1049 2700; x_wconf 90' lang='lat' dir='ltr'>robustas</span> <span class='ocrx_word' id='word_1_224' title='bbox 1074 2641 1161 2700; x_wconf 89' lang='lat' dir='ltr'>laeito</span> <span class='ocrx_word' id='word_1_225' title='bbox 1186 2647 1236 2698; x_wconf 90' lang='lat' dir='ltr'>aut</span> <span class='ocrx_word' id='word_1_226' title='bbox 1256 2646 1274 2700; x_wconf 92' lang='lat'>8</span> 
     </span>
    </p>
   </div>
   <div class='ocr_carea' id='block_1_3' title="bbox 55 2785 306 2802">
    <p class='ocr_par' dir='ltr' id='par_1_3' title="bbox 55 2785 306 2802">
     <span class='ocr_line' id='line_1_23' title="bbox 55 2785 306 2802; baseline 0.008 -8"><span class='ocrx_word' id='word_1_227' title='bbox 55 2785 135 2796; x_wconf 36' lang='lat' dir='ltr'>——s</span> <span class='ocrx_word' id='word_1_228' title='bbox 146 2794 306 2802; x_wconf 34' lang='grc' dir='ltr'>ἢ*-</span> 
     </span>
    </p>
   </div>
   <div class='ocr_carea' id='block_1_4' title="bbox 58 2897 1238 3052">
    <p class='ocr_par' dir='ltr' id='par_1_4' title="bbox 58 2897 1238 3052">
     <span class='ocr_line' id='line_1_24' title="bbox 170 2897 1238 2969; baseline 0.002 -19"><span class='ocrx_word' id='word_1_229' title='bbox 170 2899 343 2969; x_wconf 84' lang='lat' dir='ltr'>tarberum]</span> <span class='ocrx_word' id='word_1_230' title='bbox 362 2899 490 2952; x_wconf 84' lang='lat' dir='ltr'>arborem</span> <span class='ocrx_word' id='word_1_231' title='bbox 508 2899 535 2950; x_wconf 89' lang='lat' dir='ltr'><strong><em>A</em></strong></span> <span class='ocrx_word' id='word_1_232' title='bbox 621 2897 745 2951; x_wconf 67' lang='lat' dir='ltr'>taliam</span> <span class='ocrx_word' id='word_1_233' title='bbox 763 2914 779 2950; x_wconf 88' lang='lat' dir='ltr'>e</span> <span class='ocrx_word' id='word_1_234' title='bbox 798 2900 887 2952; x_wconf 81' lang='lat' dir='ltr'>altum</span> <span class='ocrx_word' id='word_1_235' title='bbox 906 2899 995 2952; x_wconf 81' lang='lat' dir='ltr'><strong><em>PRA</em></strong></span> <span class='ocrx_word' id='word_1_236' title='bbox 1079 2899 1165 2952; x_wconf 81' lang='lat' dir='ltr'>facite</span> <span class='ocrx_word' id='word_1_237' title='bbox 1184 2900 1238 2953; x_wconf 80' lang='lat' dir='ltr'>siet</span> 
     </span>
     <span class='ocr_line' id='line_1_25' title="bbox 58 2983 1179 3052; baseline 0 -14"><span class='ocrx_word' id='word_1_238' title='bbox 58 2995 85 3032; x_wconf 75' lang='lat' dir='ltr'>eo</span> <span class='ocrx_word' id='word_1_239' title='bbox 116 2983 226 3042; x_wconf 74' lang='lat' dir='ltr'>PAe</span> <span class='ocrx_word' id='word_1_240' title='bbox 244 2988 330 3043; x_wconf 79' lang='lat' dir='ltr'>facito</span> <span class='ocrx_word' id='word_1_241' title='bbox 348 2987 391 3042; x_wconf 80' lang='lat' dir='ltr'>uli</span> <span class='ocrx_word' id='word_1_242' title='bbox 409 2987 464 3040; x_wconf 77' lang='lat' dir='ltr'>siet</span> <span class='ocrx_word' id='word_1_243' title='bbox 483 3003 515 3039; x_wconf 93' lang='lat' dir='ltr'>ee</span> <span class='ocrx_word' id='word_1_244' title='bbox 535 2986 550 3039; x_wconf 88' lang='lat' dir='ltr'>b</span> <span class='ocrx_word' id='word_1_245' title='bbox 569 2985 654 3039; x_wconf 76' lang='lat' dir='ltr'>facite</span> <span class='ocrx_word' id='word_1_246' title='bbox 673 2986 722 3038; x_wconf 81' lang='lat' dir='ltr'>fiet</span> <span class='ocrx_word' id='word_1_247' title='bbox 741 2987 769 3038; x_wconf 84' lang='lat' dir='ltr'>et</span> <span class='ocrx_word' id='word_1_248' title='bbox 787 2987 829 3052; x_wconf 76' lang='lat' dir='ltr'>se.</span> <span class='ocrx_word' id='word_1_249' title='bbox 849 2986 903 3040; x_wconf 89' lang='lat' dir='ltr'>siet</span> <span class='ocrx_word' id='word_1_250' title='bbox 920 2989 1016 3039; x_wconf 80' lang='lat' dir='ltr'>delenit</span> <span class='ocrx_word' id='word_1_251' title='bbox 1036 2987 1179 3039; x_wconf 71' lang='lat' dir='ltr'>Menestas</span> 
     </span>
    </p>
   </div>
   <div class='ocr_carea' id='block_1_5' title="bbox 10 3087 1241 4502">
    <p class='ocr_par' dir='ltr' id='par_1_5' title="bbox 10 3087 1241 4502">
     <span class='ocr_line' id='line_1_26' title="bbox 117 3087 1237 3180; baseline -0.003 -14"><span class='ocrx_word' id='word_1_252' title='bbox 117 3104 237 3167; x_wconf 73' lang='lat' dir='ltr'>inem</span> <span class='ocrx_word' id='word_1_253' title='bbox 256 3112 317 3165; x_wconf 78' lang='lat' dir='ltr'>An</span> <span class='ocrx_word' id='word_1_254' title='bbox 335 3112 441 3166; x_wconf 72' lang='lat' dir='ltr'>inane&gt;</span> <span class='ocrx_word' id='word_1_255' title='bbox 466 3111 493 3163; x_wconf 84' lang='lat' dir='ltr'><em>V</em></span> <span class='ocrx_word' id='word_1_256' title='bbox 561 3087 703 3164; x_wconf 60' lang='lat' dir='ltr'>asiacam</span> <span class='ocrx_word' id='word_1_257' title='bbox 722 3112 749 3163; x_wconf 76' lang='lat' dir='ltr'>n</span> <span class='ocrx_word' id='word_1_258' title='bbox 803 3111 903 3164; x_wconf 70' lang='lat' dir='ltr'>¹aaa</span> <span class='ocrx_word' id='word_1_259' title='bbox 921 3111 1028 3180; x_wconf 74' lang='lat' dir='ltr'>stipites</span> <span class='ocrx_word' id='word_1_260' title='bbox 1049 3110 1178 3180; x_wconf 76' lang='lat' dir='ltr'>statuite]</span> <span class='ocrx_word' id='word_1_261' title='bbox 1197 3110 1237 3163; x_wconf 71' lang='lat' dir='ltr'>aa</span> 
     </span>
     <span class='ocr_line' id='line_1_27' title="bbox 65 3190 1237 3270; baseline -0.002 -17"><span class='ocrx_word' id='word_1_262' title='bbox 65 3193 226 3256; x_wconf 70' lang='lat' dir='ltr'>statuisse</span> <span class='ocrx_word' id='word_1_263' title='bbox 246 3203 272 3255; x_wconf 89' lang='lat' dir='ltr'><strong><em>A</em></strong></span> <span class='ocrx_word' id='word_1_264' title='bbox 337 3200 500 3270; x_wconf 76' lang='lat' dir='ltr'>diupenito</span> <span class='ocrx_word' id='word_1_265' title='bbox 519 3190 547 3253; x_wconf 85' lang='lat' dir='ltr'><strong><em>A</em></strong></span> <span class='ocrx_word' id='word_1_266' title='bbox 565 3200 702 3269; x_wconf 84' lang='lat' dir='ltr'>imponite</span> <span class='ocrx_word' id='word_1_267' title='bbox 728 3199 784 3253; x_wconf 85' lang='lat' dir='ltr'>VR</span> <span class='ocrx_word' id='word_1_268' title='bbox 831 3201 1026 3256; x_wconf 38' lang='grc' dir='ltr'>Χ’18101141</span> <span class='ocrx_word' id='word_1_269' title='bbox 1099 3199 1237 3268; x_wconf 82' lang='lat' dir='ltr'>9pedum</span> 
     </span>
     <span class='ocr_line' id='line_1_28' title="bbox 65 3277 1239 3358; baseline -0.002 -17"><span class='ocrx_word' id='word_1_270' title='bbox 65 3277 188 3342; x_wconf 65' lang='lat' dir='ltr'>XXIII</span> <span class='ocrx_word' id='word_1_271' title='bbox 205 3291 222 3344; x_wconf 80' lang='lat' dir='ltr'>S</span> <span class='ocrx_word' id='word_1_272' title='bbox 241 3291 310 3344; x_wconf 81' lang='lat' dir='ltr'>Aee</span> <span class='ocrx_word' id='word_1_273' title='bbox 336 3291 438 3358; x_wconf 87' lang='lat' dir='ltr'>pedum</span> <span class='ocrx_word' id='word_1_274' title='bbox 458 3289 562 3342; x_wconf 87' lang='lat' dir='ltr'>XXIIII</span> <span class='ocrx_word' id='word_1_275' title='bbox 583 3289 618 3344; x_wconf 84' lang='lat' dir='ltr'>.S.</span> <span class='ocrx_word' id='word_1_276' title='bbox 639 3289 667 3340; x_wconf 93' lang='lat' dir='ltr'>P</span> <span class='ocrx_word' id='word_1_277' title='bbox 684 3289 787 3358; x_wconf 86' lang='lat' dir='ltr'>pedum</span> <span class='ocrx_word' id='word_1_278' title='bbox 805 3288 921 3343; x_wconf 86' lang='lat' dir='ltr'>XXXIII</span> <span class='ocrx_word' id='word_1_279' title='bbox 944 3290 962 3342; x_wconf 85' lang='lat' dir='ltr'>S</span> <span class='ocrx_word' id='word_1_280' title='bbox 985 3290 1118 3358; x_wconf 78' lang='lat' dir='ltr'>fpedum</span> <span class='ocrx_word' id='word_1_281' title='bbox 1137 3288 1239 3357; x_wconf 81' lang='lat' dir='ltr'>uiginti</span> 
     </span>
     <span class='ocr_line' id='line_1_29' title="bbox 71 3375 1239 3448; baseline -0.004 -14"><span class='ocrx_word' id='word_1_282' title='bbox 71 3375 263 3435; x_wconf 61' lang='lat' dir='ltr'>quattuoro</span> <span class='ocrx_word' id='word_1_283' title='bbox 343 3377 470 3448; x_wconf 77' lang='lat' dir='ltr'>inponite</span> <span class='ocrx_word' id='word_1_284' title='bbox 489 3380 516 3431; x_wconf 89' lang='lat' dir='ltr'><strong><em>A</em></strong></span> <span class='ocrx_word' id='word_1_285' title='bbox 539 3377 674 3448; x_wconf 77' lang='lat' dir='ltr'>imponito</span> <span class='ocrx_word' id='word_1_286' title='bbox 700 3377 756 3430; x_wconf 85' lang='lat' dir='ltr'>VR</span> <span class='ocrx_word' id='word_1_287' title='bbox 837 3385 869 3430; x_wconf 88' lang='lat'>10</span> <span class='ocrx_word' id='word_1_288' title='bbox 889 3378 1049 3448; x_wconf 81' lang='lat' dir='ltr'>supponite]</span> <span class='ocrx_word' id='word_1_289' title='bbox 1068 3395 1118 3447; x_wconf 86' lang='lat' dir='ltr'>pro</span> <span class='ocrx_word' id='word_1_290' title='bbox 1137 3394 1239 3446; x_wconf 85' lang='lat' dir='ltr'>suppe-</span> 
     </span>
     <span class='ocr_line' id='line_1_30' title="bbox 72 3457 1238 3537; baseline -0.006 -13"><span class='ocrx_word' id='word_1_291' title='bbox 72 3457 155 3531; x_wconf 74' lang='lat' dir='ltr'>nno,</span> <span class='ocrx_word' id='word_1_292' title='bbox 184 3472 228 3523; x_wconf 76' lang='lat' dir='ltr'>see</span> <span class='ocrx_word' id='word_1_293' title='bbox 246 3470 330 3523; x_wconf 73' lang='lat' dir='ltr'>oeten</span> <span class='ocrx_word' id='word_1_294' title='bbox 348 3486 398 3537; x_wconf 75' lang='lat' dir='ltr'>pro</span> <span class='ocrx_word' id='word_1_295' title='bbox 416 3471 443 3519; x_wconf 85' lang='lat' dir='ltr'><strong><em>A</em></strong></span> <span class='ocrx_word' id='word_1_296' title='bbox 516 3467 544 3520; x_wconf 77' lang='lat' dir='ltr'>in</span> <span class='ocrx_word' id='word_1_297' title='bbox 563 3467 597 3520; x_wconf 79' lang='lat' dir='ltr'>ns</span> <span class='ocrx_word' id='word_1_298' title='bbox 614 3467 672 3519; x_wconf 77' lang='grc' dir='ltr'>ΡΑ</span> <span class='ocrx_word' id='word_1_299' title='bbox 690 3466 720 3517; x_wconf 73' lang='lat' dir='ltr'>in</span> <span class='ocrx_word' id='word_1_300' title='bbox 738 3467 839 3520; x_wconf 68' lang='lat' dir='ltr'>hisne</span> <span class='ocrx_word' id='word_1_301' title='bbox 909 3474 938 3520; x_wconf 92' lang='lat'>11</span> <span class='ocrx_word' id='word_1_302' title='bbox 960 3466 1166 3522; x_wconf 63' lang='lat' dir='ltr'>conlocatam</span> <span class='ocrx_word' id='word_1_303' title='bbox 1184 3465 1238 3518; x_wconf 73' lang='lat'>001-</span> 
     </span>
     <span class='ocr_line' id='line_1_31' title="bbox 75 3545 1238 3611; baseline -0.005 0"><span class='ocrx_word' id='word_1_304' title='bbox 75 3545 190 3611; x_wconf 68' lang='lat' dir='ltr'>locato</span> <span class='ocrx_word' id='word_1_305' title='bbox 213 3558 257 3611; x_wconf 76' lang='lat' dir='ltr'>re</span> <span class='ocrx_word' id='word_1_306' title='bbox 329 3556 358 3610; x_wconf 83' lang='lat' dir='ltr'>in</span> <span class='ocrx_word' id='word_1_307' title='bbox 377 3556 412 3610; x_wconf 81' lang='lat' dir='ltr'>ns</span> <span class='ocrx_word' id='word_1_308' title='bbox 428 3556 487 3609; x_wconf 78' lang='grc' dir='ltr'>ΡΑ</span> <span class='ocrx_word' id='word_1_309' title='bbox 505 3557 534 3609; x_wconf 76' lang='lat' dir='ltr'>an</span> <span class='ocrx_word' id='word_1_310' title='bbox 553 3556 597 3608; x_wconf 72' lang='lat' dir='ltr'>aa</span> <span class='ocrx_word' id='word_1_311' title='bbox 615 3554 663 3608; x_wconf 78' lang='lat' dir='ltr'>ne</span> <span class='ocrx_word' id='word_1_312' title='bbox 738 3561 769 3607; x_wconf 80' lang='lat'>12</span> <span class='ocrx_word' id='word_1_313' title='bbox 790 3573 868 3609; x_wconf 68' lang='lat' dir='ltr'>aram</span> <span class='ocrx_word' id='word_1_314' title='bbox 885 3556 975 3609; x_wconf 80' lang='lat' dir='ltr'>Pnn</span> <span class='ocrx_word' id='word_1_315' title='bbox 993 3556 1091 3610; x_wconf 74' lang='lat' dir='ltr'>haram</span> <span class='ocrx_word' id='word_1_316' title='bbox 1110 3574 1126 3608; x_wconf 70' lang='lat' dir='ltr'>a</span> <span class='ocrx_word' id='word_1_317' title='bbox 1145 3571 1238 3607; x_wconf 70' lang='lat' dir='ltr'>aream</span> 
     </span>
     <span class='ocr_line' id='line_1_32' title="bbox 81 3632 1238 3715; baseline -0.003 -17"><span class='ocrx_word' id='word_1_318' title='bbox 81 3632 241 3701; x_wconf 65' lang='lat' dir='ltr'>Iucundos</span> <span class='ocrx_word' id='word_1_319' title='bbox 326 3646 412 3699; x_wconf 86' lang='lat' dir='ltr'>facies</span> <span class='ocrx_word' id='word_1_320' title='bbox 431 3646 517 3714; x_wconf 89' lang='lat' dir='ltr'>pedes</span> <span class='ocrx_word' id='word_1_321' title='bbox 538 3645 559 3696; x_wconf 95' lang='lat' dir='ltr'>V</span> <span class='ocrx_word' id='word_1_322' title='bbox 582 3645 660 3697; x_wconf 86' lang='lat' dir='ltr'>PAc</span> <span class='ocrx_word' id='word_1_323' title='bbox 678 3643 763 3697; x_wconf 86' lang='lat' dir='ltr'>facies</span> <span class='ocrx_word' id='word_1_324' title='bbox 782 3662 809 3711; x_wconf 95' lang='lat' dir='ltr'>p.</span> <span class='ocrx_word' id='word_1_325' title='bbox 828 3645 855 3698; x_wconf 90' lang='lat' dir='ltr'><strong>V</strong></span> <span class='ocrx_word' id='word_1_326' title='bbox 873 3646 889 3698; x_wconf 89' lang='lat' dir='ltr'>b</span> <span class='ocrx_word' id='word_1_327' title='bbox 907 3645 994 3698; x_wconf 82' lang='lat' dir='ltr'>facies</span> <span class='ocrx_word' id='word_1_328' title='bbox 1013 3645 1097 3715; x_wconf 91' lang='lat' dir='ltr'>pedes</span> <span class='ocrx_word' id='word_1_329' title='bbox 1116 3643 1238 3711; x_wconf 91' lang='lat' dir='ltr'>quinque</span> 
     </span>
     <span class='ocr_line' id='line_1_33' title="bbox 83 3732 1239 3802; baseline -0.004 -13"><span class='ocrx_word' id='word_1_330' title='bbox 83 3738 95 3773; x_wconf 72' lang='lat' dir='ltr'>l</span> <span class='ocrx_word' id='word_1_331' title='bbox 194 3734 356 3788; x_wconf 75' lang='lat' dir='ltr'>fndamento</span> <span class='ocrx_word' id='word_1_332' title='bbox 370 3736 463 3802; x_wconf 79' lang='lat' dir='ltr'>primo</span> <span class='ocrx_word' id='word_1_333' title='bbox 481 3735 537 3788; x_wconf 82' lang='lat' dir='ltr'>loco</span> <span class='ocrx_word' id='word_1_334' title='bbox 556 3736 582 3787; x_wconf 88' lang='lat' dir='ltr'><strong><em>A</em></strong></span> <span class='ocrx_word' id='word_1_335' title='bbox 667 3740 698 3785; x_wconf 90' lang='lat'>13</span> <span class='ocrx_word' id='word_1_336' title='bbox 718 3749 794 3785; x_wconf 82' lang='lat' dir='ltr'>aram</span> <span class='ocrx_word' id='word_1_337' title='bbox 817 3733 908 3786; x_wconf 84' lang='lat' dir='ltr'>PAR</span> <span class='ocrx_word' id='word_1_338' title='bbox 926 3735 1024 3788; x_wconf 80' lang='lat' dir='ltr'>heram</span> <span class='ocrx_word' id='word_1_339' title='bbox 1042 3751 1058 3787; x_wconf 89' lang='lat' dir='ltr'>e</span> <span class='ocrx_word' id='word_1_340' title='bbox 1079 3749 1171 3787; x_wconf 83' lang='lat' dir='ltr'>aream</span> <span class='ocrx_word' id='word_1_341' title='bbox 1191 3732 1239 3784; x_wconf 81' lang='lat' dir='ltr'>In·</span> 
     </span>
     <span class='ocr_line' id='line_1_34' title="bbox 88 3818 1241 3890; baseline -0.006 -12"><span class='ocrx_word' id='word_1_342' title='bbox 88 3818 204 3878; x_wconf 57' lang='lat' dir='ltr'>cAddua</span> <span class='ocrx_word' id='word_1_343' title='bbox 282 3823 433 3878; x_wconf 79' lang='lat' dir='ltr'>rutundam</span> <span class='ocrx_word' id='word_1_344' title='bbox 454 3822 532 3876; x_wconf 89' lang='lat' dir='ltr'>PAc</span> <span class='ocrx_word' id='word_1_345' title='bbox 549 3823 699 3876; x_wconf 82' lang='lat' dir='ltr'>rotundam</span> <span class='ocrx_word' id='word_1_346' title='bbox 719 3822 754 3874; x_wconf 86' lang='lat' dir='ltr'>be</span> <span class='ocrx_word' id='word_1_347' title='bbox 840 3819 1241 3890; x_wconf 77' lang='lat' dir='ltr'>14p.1111.S.PRp.1111</span> 
     </span>
     <span class='ocr_line' id='line_1_35' title="bbox 91 3895 1240 3983; baseline -0.003 -19"><span class='ocrx_word' id='word_1_348' title='bbox 91 3895 117 3951; x_wconf 67' lang='lat'>3²·</span> <span class='ocrx_word' id='word_1_349' title='bbox 138 3911 182 3964; x_wconf 73' lang='lat' dir='ltr'><strong><em>A</em></strong></span> <span class='ocrx_word' id='word_1_350' title='bbox 199 3933 224 3983; x_wconf 86' lang='lat' dir='ltr'>p.</span> <span class='ocrx_word' id='word_1_351' title='bbox 244 3915 296 3968; x_wconf 92' lang='lat' dir='ltr'>lIlI</span> <span class='ocrx_word' id='word_1_352' title='bbox 316 3912 406 3967; x_wconf 59' lang='lat' dir='ltr'>S}-</span> <span class='ocrx_word' id='word_1_353' title='bbox 429 3910 506 3976; x_wconf 69' lang='lat' dir='ltr'>Ver„</span> <span class='ocrx_word' id='word_1_354' title='bbox 524 3913 641 3980; x_wconf 84' lang='lat' dir='ltr'>pedibus</span> <span class='ocrx_word' id='word_1_355' title='bbox 662 3911 827 3980; x_wconf 77' lang='lat' dir='ltr'>quattuore</span> <span class='ocrx_word' id='word_1_356' title='bbox 892 3914 1033 3965; x_wconf 84' lang='lat' dir='ltr'>caeterum</span> <span class='ocrx_word' id='word_1_357' title='bbox 1058 3912 1084 3962; x_wconf 92' lang='lat' dir='ltr'><em>V</em></span> <span class='ocrx_word' id='word_1_358' title='bbox 1149 3913 1240 3964; x_wconf 79' lang='lat' dir='ltr'>tetum</span> 
     </span>
     <span class='ocr_line' id='line_1_36' title="bbox 91 3985 1147 4072; baseline -0.004 -18"><span class='ocrx_word' id='word_1_359' title='bbox 91 3985 279 4057; x_wconf 68' lang='lat' dir='ltr'>fundamento</span> <span class='ocrx_word' id='word_1_360' title='bbox 297 4022 324 4072; x_wconf 90' lang='lat' dir='ltr'>p.</span> <span class='ocrx_word' id='word_1_361' title='bbox 345 4002 371 4055; x_wconf 92' lang='lat' dir='ltr'>II</span> <span class='ocrx_word' id='word_1_362' title='bbox 389 4002 571 4056; x_wconf 77' lang='lat' dir='ltr'>fundamenta</span> <span class='ocrx_word' id='word_1_363' title='bbox 589 4002 710 4070; x_wconf 90' lang='lat' dir='ltr'>primum</span> <span class='ocrx_word' id='word_1_364' title='bbox 728 4001 755 4053; x_wconf 92' lang='lat' dir='ltr'><strong><em>A</em></strong></span> <span class='ocrx_word' id='word_1_365' title='bbox 846 4006 879 4052; x_wconf 83' lang='lat'>15</span> <span class='ocrx_word' id='word_1_366' title='bbox 899 3999 1032 4053; x_wconf 80' lang='lat' dir='ltr'>cementis</span> <span class='ocrx_word' id='word_1_367' title='bbox 1056 3999 1147 4050; x_wconf 85' lang='lat' dir='ltr'>VAR</span> 
     </span>
     <span class='ocr_line' id='line_1_37' title="bbox 93 4074 1240 4162; baseline -0.005 -17"><span class='ocrx_word' id='word_1_368' title='bbox 93 4074 231 4146; x_wconf 61' lang='lat' dir='ltr'>harenato</span> <span class='ocrx_word' id='word_1_369' title='bbox 250 4094 346 4162; x_wconf 76' lang='lat' dir='ltr'>pedere</span> <span class='ocrx_word' id='word_1_370' title='bbox 368 4093 424 4146; x_wconf 81' lang='lat' dir='ltr'>loce</span> <span class='ocrx_word' id='word_1_371' title='bbox 445 4091 514 4144; x_wconf 88' lang='lat' dir='ltr'>Pbe</span> <span class='ocrx_word' id='word_1_372' title='bbox 542 4093 655 4143; x_wconf 85' lang='lat' dir='ltr'>arenoie</span> <span class='ocrx_word' id='word_1_373' title='bbox 675 4092 722 4142; x_wconf 89' lang='lat' dir='ltr'>Ae</span> <span class='ocrx_word' id='word_1_374' title='bbox 816 4096 848 4142; x_wconf 84' lang='lat' dir='ltr'>io</span> <span class='ocrx_word' id='word_1_375' title='bbox 867 4087 972 4141; x_wconf 87' lang='lat' dir='ltr'>corium</span> <span class='ocrx_word' id='word_1_376' title='bbox 992 4087 1104 4156; x_wconf 79' lang='lat' dir='ltr'>struite]</span> <span class='ocrx_word' id='word_1_377' title='bbox 1134 4087 1240 4139; x_wconf 83' lang='lat' dir='ltr'>cerium</span> 
     </span>
     <span class='ocr_line' id='line_1_38' title="bbox 97 4176 1241 4248; baseline -0.003 -17"><span class='ocrx_word' id='word_1_378' title='bbox 97 4178 188 4231; x_wconf 64' lang='lat' dir='ltr'>uuum</span> <span class='ocrx_word' id='word_1_379' title='bbox 204 4182 316 4248; x_wconf 79' lang='lat' dir='ltr'>struite,</span> <span class='ocrx_word' id='word_1_380' title='bbox 339 4182 384 4234; x_wconf 82' lang='lat' dir='ltr'>sed</span> <span class='ocrx_word' id='word_1_381' title='bbox 402 4182 485 4235; x_wconf 82' lang='lat' dir='ltr'>deleto</span> <span class='ocrx_word' id='word_1_382' title='bbox 504 4197 590 4232; x_wconf 90' lang='lat' dir='ltr'>unum</span> <span class='ocrx_word' id='word_1_383' title='bbox 609 4178 636 4230; x_wconf 88' lang='lat' dir='ltr'><strong><em>A</em></strong></span> <span class='ocrx_word' id='word_1_384' title='bbox 728 4186 759 4233; x_wconf 77' lang='lat'>17</span> <span class='ocrx_word' id='word_1_385' title='bbox 780 4179 914 4232; x_wconf 84' lang='lat' dir='ltr'>harenato</span> <span class='ocrx_word' id='word_1_386' title='bbox 929 4178 1079 4245; x_wconf 79' lang='lat' dir='ltr'>posteriora</span> <span class='ocrx_word' id='word_1_387' title='bbox 1098 4177 1154 4229; x_wconf 81' lang='lat' dir='ltr'>ioco</span> <span class='ocrx_word' id='word_1_388' title='bbox 1172 4176 1241 4229; x_wconf 86' lang='lat' dir='ltr'>Abc</span> 
     </span>
     <span class='ocr_line' id='line_1_39' title="bbox 100 4265 1241 4336; baseline -0.004 -14"><span class='ocrx_word' id='word_1_389' title='bbox 100 4265 214 4323; x_wconf 57' lang='lat' dir='ltr'>²³0¹]an</span> <span class='ocrx_word' id='word_1_390' title='bbox 241 4271 268 4323; x_wconf 91' lang='lat' dir='ltr'><em>V</em></span> <span class='ocrx_word' id='word_1_391' title='bbox 357 4275 388 4323; x_wconf 89' lang='grc'>19</span> <span class='ocrx_word' id='word_1_392' title='bbox 413 4269 571 4322; x_wconf 81' lang='lat' dir='ltr'>suberetam</span> <span class='ocrx_word' id='word_1_393' title='bbox 593 4268 654 4321; x_wconf 86' lang='lat' dir='ltr'><strong><em>AR</em></strong></span> <span class='ocrx_word' id='word_1_394' title='bbox 686 4270 839 4321; x_wconf 82' lang='lat' dir='ltr'>succretam</span> <span class='ocrx_word' id='word_1_395' title='bbox 867 4266 894 4318; x_wconf 91' lang='lat' dir='ltr'><em>V</em></span> <span class='ocrx_word' id='word_1_396' title='bbox 978 4265 1081 4336; x_wconf 77' lang='lat' dir='ltr'>digitos</span> <span class='ocrx_word' id='word_1_397' title='bbox 1105 4265 1160 4318; x_wconf 89' lang='lat' dir='ltr'>due</span> <span class='ocrx_word' id='word_1_398' title='bbox 1184 4265 1241 4317; x_wconf 81' lang='grc' dir='ltr'>ΡΑ</span> 
     </span>
     <span class='ocr_line' id='line_1_40' title="bbox 10 4337 1240 4428; baseline -0.001 -20"><span class='ocrx_word' id='word_1_399' title='bbox 10 4398 13 4423; x_wconf 66' lang='lat'>,</span> <span class='ocrx_word' id='word_1_400' title='bbox 104 4337 204 4410; x_wconf 55' lang='lat' dir='ltr'>ogiam</span> <span class='ocrx_word' id='word_1_401' title='bbox 221 4361 247 4413; x_wconf 89' lang='grc' dir='ltr'>ΙΙ</span> <span class='ocrx_word' id='word_1_402' title='bbox 264 4361 305 4413; x_wconf 83' lang='lat' dir='ltr'>be</span> <span class='ocrx_word' id='word_1_403' title='bbox 324 4359 427 4428; x_wconf 81' lang='lat' dir='ltr'>digitos</span> <span class='ocrx_word' id='word_1_404' title='bbox 446 4359 548 4411; x_wconf 87' lang='lat' dir='ltr'>dnose</span> <span class='ocrx_word' id='word_1_405' title='bbox 634 4358 669 4411; x_wconf 89' lang='lat' dir='ltr'>de</span> <span class='ocrx_word' id='word_1_406' title='bbox 687 4357 858 4410; x_wconf 77' lang='lat' dir='ltr'>testaaride</span> <span class='ocrx_word' id='word_1_407' title='bbox 882 4356 949 4422; x_wconf 73' lang='lat' dir='ltr'>Vos</span> <span class='ocrx_word' id='word_1_408' title='bbox 972 4357 1083 4409; x_wconf 80' lang='lat' dir='ltr'>detesto</span> <span class='ocrx_word' id='word_1_409' title='bbox 1101 4355 1240 4409; x_wconf 83' lang='lat' dir='ltr'>aridamc</span> 
     </span>
     <span class='ocr_line' id='line_1_41' title="bbox 110 4423 533 4502; baseline 0.002 -2"><span class='ocrx_word' id='word_1_410' title='bbox 110 4423 239 4501; x_wconf 48' lang='lat' dir='ltr'>lffisstem</span> <span class='ocrx_word' id='word_1_411' title='bbox 257 4448 365 4502; x_wconf 83' lang='lat' dir='ltr'>aridam</span> <span class='ocrx_word' id='word_1_412' title='bbox 382 4449 410 4501; x_wconf 86' lang='lat' dir='ltr'><strong><em>A</em></strong></span> <span class='ocrx_word' id='word_1_413' title='bbox 530 4451 533 4456; x_wconf 79' lang='grc'><strong><em>’</em></strong></span> 
     </span>
    </p>
   </div>
   <div class='ocr_carea' id='block_1_6' title="bbox 0 0 1504 5026">
    <p class='ocr_par' dir='ltr' id='par_1_6' title="bbox 0 0 1504 5026">
     <span class='ocr_line' id='line_1_42' title="bbox 0 0 1504 5026; baseline 0 3"><span class='ocrx_word' id='word_1_414' title='bbox 0 0 1504 5026; x_wconf 95' lang='lat' dir='ltr'> </span> 
     </span>
    </p>
   </div>
  </div>
 </body>
</html>
