3000 5026
459 351 588 406 RERVM
607 349 842 406 RVSTICARVM
861 348 928 404 LlB.
948 349 973 402 ll
994 347 1070 407 7-8
1277 349 1343 413 249

199 539 257 581 non
286 519 395 580 habent
424 537 491 579 eum
520 519 650 600 asinum,
679 535 767 598 quem
791 525 1016 597 supposuerunt
1039 505 1146 601 equa'e,
1175 526 1215 592 et
1228 519 1344 601 asinum

199 627 406 689 admissarium
433 625 543 710 babere
566 625 681 706 opium,
712 625 747 685 de
772 627 862 685 asinis
886 643 974 703 quem
998 624 1211 703 amplissimum
1236 623 1343 683 formu-

199 709 408 813 sissimrsmque
432 741 558 811 possunt
581 732 702 812 eligunt,
726 732 837 810 quique
861 734 985 792 seminio
1009 739 1095 792 natus
1119 734 1158 792 sit
1181 731 1267 811 bono,
1291 732 1343 791 Ar-

198 841 312 921 cadico,
341 848 375 902 ut
397 841 510 918 antiqui
533 837 685 918 dicebant,
714 845 747 897 ut
771 855 824 898 nos
849 840 964 917 experti
987 835 1105 920 sumus',
1129 839 1268 915 Reatino,
1292 836 1344 896 ubi

173 949 320 1009 otricenis
365 966 399 1008 ac
436 945 632 1025 quadragenis
669 944 789 1005 milibus
829 945 994 1006 admissarii
1031 945 1143 1024 aliquot
1179 945 1343 1004 venierunt.
1419 957 1433 988 ⁴

198 1073 272 1134 quos
296 1056 422 1114 emimus
446 1055 517 1113 item
541 1060 576 1112 ut
599 1071 691 1131 equos
715 1051 953 1131 stipulamurque
974 1053 1005 1111 in
1023 1052 1148 1113 emendo
1168 1070 1201 1112 ac
1220 1051 1343 1111 iacimus

197 1165 226 1222 in
256 1161 429 1240 accipiendo
457 1159 549 1239 idem,
583 1159 661 1238 quod
690 1159 802 1219 dictum
831 1154 877 1219 est
904 1161 933 1218 in
963 1162 1056 1238 equis.
1107 1161 1161 1218 hos
1189 1160 1368 1237 pascimusd

197 1272 356 1349 praecipue
385 1269 470 1328 laeno
494 1274 583 1344 atquc
606 1266 740 1347 hordeo„
762 1273 791 1325 et
814 1265 844 1325 id
868 1274 935 1326 ante
960 1266 1155 1327 admissuram
1179 1274 1209 1327 et
1232 1265 1343 1343 largius

197 1379 335 1456 iacimus,
362 1382 395 1436 ut
418 1372 484 1433 cibo
516 1373 720 1434 suffundamus
752 1375 831 1433 vires
854 1373 890 1432 ad
914 1373 1054 1455 feturam,
1083 1373 1186 1434 eodem
1209 1381 1343 1450 tempore

164 1492 183 1531 1⁰
195 1502 255 1562 quo
283 1500 378 1562 equos
403 1480 596 1561 adducentes,
625 1480 764 1558 idemque
788 1488 821 1540 ut
843 1482 924 1540 ineat
947 1498 1039 1558 equas
1062 1499 1116 1560 per
1139 1482 1236 1558 erigas
1260 1497 1342 1539 cura-

194 1607 270 1649 mus.
318 1607 386 1649 cum
415 1589 566 1667 pepererit
595 1605 670 1665 equa
699 1586 810 1647 mulum
840 1587 1036 1668 animulam,
1064 1587 1249 1648 nutricantes
1273 1584 1343 1645 edu·

190 1714 306 1757 camus,
352 1695 383 1754 bi
411 1697 437 1755 si
464 1696 495 1753 in
524 1692 706 1771 palustribus
734 1693 807 1753 locis
834 1704 923 1772 atque
947 1695 1103 1774 uliginosis
1126 1695 1201 1774 nati,
1227 1691 1366 1753 habenti)

189 1800 322 1879 ungulas
350 1800 467 1881 molles3
494 1800 574 1860 idem
602 1803 627 1860 si
656 1803 750 1861 exacti
774 1809 843 1862 scrut
867 1804 978 1862 aestivo
1001 1809 1135 1881 tempore
1158 1803 1189 1861 in
1213 1808 1338 1880 montes,

184 1907 273 1988 quod
308 1908 342 1968 lit
373 1909 404 1967 in
437 1926 506 1987 agro
535 1907 672 1986 Reatino,
706 1908 873 1968 durissimis
905 1909 1023 1987 ungulis
1056 1909 1139 1969 liunt.
1190 1910 1221 1968 iu
1251 1925 1341 1986 grege

126 2028 162 2068 15
182 2015 343 2076 mulorum
367 2013 496 2093 parando
521 2014 679 2092 spectanda
704 2021 783 2073 aetas
807 2023 837 2075 et
859 2017 966 2096 lorma,
990 2015 1125 2095 alterum,
1152 2023 1186 2075 ut
1210 2016 1340 2075 vecturis

181 2123 321 2182 sufferre
354 2119 471 2180 labores
504 2123 631 2202 possint3
664 2121 802 2201 alterum,
835 2130 868 2183 ut
901 2121 1002 2182 oculos
1035 2130 1157 2199 aspectu
1191 2120 1338 2181 delectare

181 2236 314 2308 queant.
360 2227 442 2288 bisce
471 2229 550 2287 enim
578 2227 656 2287 binis
683 2229 851 2288 coniunctis
874 2231 972 2289 omnia
995 2227 1129 2287 vehicula
1153 2230 1182 2287 in
1208 2229 1262 2286 viis
1286 2227 1338 2286 du-

180 2342 313 2397 cuntur.
360 2334 432 2395 baec
456 2353 503 2394 me
526 2334 649 2395 Reatino
674 2342 795 2395 auctore
817 2335 974 2416 probares,
998 2335 1071 2394 mibi
1095 2336 1201 2415 inquit,
1224 2335 1281 2393 nisi
1304 2336 1366 2394 tud

178 2446 258 2521 ipse
291 2441 372 2501 domi
405 2460 548 2520 equarum
581 2459 686 2519 greges
718 2441 844 2502 baberes
872 2461 906 2503 ac
933 2443 1082 2502 mulorum
1110 2459 1215 2520 greges
1243 2441 1354 2500 vendi.

124 2566 154 2604 20
177 2548 300 2609 disses.
345 2548 456 2607 binuus
480 2550 532 2626 qui
555 2547 729 2629 appellatur,
753 2557 799 2609 est
823 2568 858 2609 ex
878 2568 955 2628 equo
974 2557 1004 2609 et
1022 2551 1113 2629 asina,
1137 2550 1234 2608 minor
1254 2566 1341 2626 quam

174 2654 294 2717 mulus
318 2673 452 2736 corpore,
476 2654 651 2734 plerumque
670 2654 875 2736 rubicundior,
899 2656 1023 2717 auribus
1043 2663 1077 2716 ut
1094 2657 1220 2735 equinis,
1243 2655 1342 2716 iubam

172 2777 407 2785 m—

268 2850 301 2897 20
319 2843 421 2897 biunus
440 2841 489 2912 qui
509 2842 670 2914 appellatur
688 2842 762 2898 Nou.
778 2859 808 2911 p.
828 2848 897 2910 122,
916 2848 935 2898 2

287 3028 300 3074 1
325 3021 529 3091 supposuerunt
551 3019 607 3074 VB
630 3021 836 3089 subposuerunt
853 3020 882 3076 A
971 3019 1080 3074 asinum
1103 3018 1297 3074 admissarium
1316 3037 1342 3074 m

158 3107 346 3182 asinarium
376 3109 572 3164 admissarium
600 3109 627 3162 A
655 3107 807 3163 asinarium
835 3109 1029 3164 admissarium
1063 3109 1120 3163 VB
1209 3115 1225 3162 2
1259 3125 1341 3177 quem

157 3197 398 3267 amplissimum
414 3199 505 3252 PAB
525 3215 608 3266 quam
627 3197 830 3266 amplissimum
845 3216 871 3252 ur
890 3215 1018 3267 quemque
1036 3196 1240 3266 amplissimum
1254 3216 1271 3253 o

156 3289 188 3337 4
235 3288 320 3358 atiqui
335 3289 363 3343 B
418 3285 566 3342 btrieenis
585 3303 618 3340 ac
637 3287 823 3357 quadragenis
837 3305 864 3341 ur
877 3288 991 3342 tricenis
1006 3287 1041 3340 ed
1056 3287 1267 3357 quadringentis
1284 3288 1342 3342 PB

157 3371 309 3431 tricenis
333 3376 369 3429 ad
393 3375 585 3445 quadrigentis
605 3376 631 3428 A
654 3373 769 3429 tricenis
794 3392 826 3430 ac
848 3376 1093 3446 quadringenties)
1166 3376 1274 3444 aliquot
1292 3378 1341 3431 Be

160 3459 310 3532 aliquod
329 3465 387 3518 PA
459 3463 576 3518 8foen0
601 3464 626 3517 V
697 3464 870 3518 afoeturam
895 3465 922 3519 V
990 3468 1088 3535 tepore
1103 3467 1129 3519 A
1203 3464 1341 3519 101111111-

164 3563 254 3613 que
274 3558 305 3609 ut
328 3555 407 3607 ineat
431 3552 518 3605 VBru
540 3551 670 3621 idemque
693 3556 724 3607 ut
747 3552 844 3607 hieant
862 3555 890 3607 A
912 3555 1053 3622 iidemque
1072 3556 1104 3607 ut
1122 3553 1218 3609 ineunt
1237 3556 1341 3608 Iucun-

167 3634 252 3693 dws
269 3684 273 3696 .
291 3644 407 3710 sortasse
424 3641 548 3708 itemque
567 3643 599 3694 ut
616 3642 693 3696 ineat
785 3649 815 3695 11
835 3643 975 3712 pepererit
995 3643 1087 3698 PAB
1109 3644 1220 3713 peperit
1237 3662 1253 3698 u

171 3761 314 3836 murum]
330 3765 452 3832 manum
466 3767 494 3820 Β
551 3772 582 3818 12
603 3745 670 3820 nia
724 3768 807 3833 aeque
821 3765 1008 3836 uliginosisB
1023 3769 1113 3836 aeque
1127 3766 1274 3838 uliginosis
1285 3769 1342 3823 ΡΑ

175 3845 218 3896 ef·
242 3851 417 3924 uliginosiao
492 3860 524 3907 13
538 3853 613 3908 idem
625 3855 716 3908 PAB
730 3856 847 3910 iidemu
920 3863 953 3911 14
967 3857 1128 3912 durissimus
1143 3875 1212 3915 corr.
1229 3889 1262 3897 -
1276 3859 1300 3911 is
1315 3859 1341 3910 A

253 3946 283 3994 15
302 3943 428 4013 paranda
442 3960 510 3999 corr.
527 3975 559 3982 —
575 3944 610 3998 do
625 3944 652 3997 A
707 3945 785 3999 aetas
800 3961 849 3999 om.
865 3945 893 3997 A
949 3952 981 4000 16
996 3947 1105 4014 possint
1119 3946 1176 3999 PA
1189 3946 1278 4015 possit
1292 3949 1342 3999 Bo

266 4032 362 4086 oculos
380 4035 494 4101 aspectu
509 4032 550 4085 Aa
563 4032 708 4088 Iracundus
727 4033 815 4088 oculis
829 4035 944 4102 aspectu
958 4033 1050 4088 PAB
1065 4034 1152 4087 oculis
1167 4036 1311 4101 aspectum
1325 4052 1342 4087 v

178 4187 183 4197 .
286 4126 319 4175 l'i
339 4123 443 4188 queant
460 4121 551 4175 PAB
570 4124 688 4188 queatu
773 4121 928 4176 cuniunctis
947 4124 974 4176 A
1062 4126 1094 4174 18
1114 4122 1211 4175 autore
1229 4122 1257 4175 B

175 4204 289 4286 “fqllit
312 4210 367 4262 VB
386 4209 484 4276 inquid
502 4209 529 4261 A
621 4216 653 4262 19
678 4211 852 4265 uendidisses
870 4212 951 4265 Bmo
971 4208 1138 4263 uindidisses
1159 4210 1217 4263 PA
1307 4217 1341 4264 20

173 4274 570 4352 11ΠΗΙῐιεΡΑΒ1111111111)
629 4299 720 4370 asina]
740 4299 845 4368 asinoe,
863 4301 910 4354 sed
929 4316 945 4353 o
964 4301 1078 4353 deletum
1097 4299 1124 4352 A
1179 4301 1341 4369 1111111111-

166 4375 297 4525 3311?
385 4385 565 4441 rubicundior
590 4387 643 4441 VB
666 4387 846 4442 rubicondior
864 4390 890 4440 A
980 4389 1095 4455 fortusse
1116 4388 1184 4442 iuba
1207 4392 1235 4444 et
1254 4391 1343 4445 cauda

268 4470 298 4528 's
316 4475 359 4529 est
