<?xml version="1.0" encoding="UTF-8"?>
<!DOCTYPE html PUBLIC "-//W3C//DTD XHTML 1.0 Transitional//EN"
    "http://www.w3.org/TR/xhtml1/DTD/xhtml1-transitional.dtd">
<html xmlns="http://www.w3.org/1999/xhtml" xml:lang="en" lang="en">
 <head>
  <title>
</title>
<meta http-equiv="Content-Type" content="text/html;charset=utf-8" />
  <meta name='ocr-system' content='tesseract 3.04.00' />
  <meta name='ocr-capabilities' content='ocr_page ocr_carea ocr_par ocr_line ocrx_word'/>
</head>
<body>
  <div class='ocr_page' id='page_1' title='image "./mporcicatonisde01keilgoog_0272.png"; bbox 0 0 3000 5026; ppageno 0'>
   <div class='ocr_carea' id='block_1_1' title="bbox 459 139 1315 210">
    <p class='ocr_par' dir='ltr' id='par_1_1' title="bbox 459 139 1315 210">
     <span class='ocr_line' id='line_1_1' title="bbox 459 139 1315 210; baseline 0 -14"><span class='ocrx_word' id='word_1_1' title='bbox 459 142 590 198; x_wconf 78' lang='lat' dir='ltr'>RERVM</span> <span class='ocrx_word' id='word_1_2' title='bbox 608 141 846 210; x_wconf 72' lang='lat' dir='ltr'><strong>nvsulonnvu</strong></span> <span class='ocrx_word' id='word_1_3' title='bbox 866 141 933 197; x_wconf 89' lang='lat' dir='ltr'>LlB.</span> <span class='ocrx_word' id='word_1_4' title='bbox 952 142 979 197; x_wconf 91' lang='lat' dir='ltr'><strong>II</strong></span> <span class='ocrx_word' id='word_1_5' title='bbox 1000 139 1016 192; x_wconf 79' lang='lat'>7</span> <span class='ocrx_word' id='word_1_6' title='bbox 1252 142 1315 208; x_wconf 77' lang='grc'><strong>247</strong></span> 
     </span>
    </p>
   </div>
   <div class='ocr_carea' id='block_1_2' title="bbox 23 310 1384 2533">
    <p class='ocr_par' dir='ltr' id='par_1_2' title="bbox 169 310 1364 606">
     <span class='ocr_line' id='line_1_2' title="bbox 170 310 1364 390; baseline 0.003 -20"><span class='ocrx_word' id='word_1_7' title='bbox 170 310 274 371; x_wconf 85' lang='lat' dir='ltr'><strong>ieciem</strong></span> <span class='ocrx_word' id='word_1_8' title='bbox 298 316 328 371; x_wconf 91' lang='lat' dir='ltr'><strong>et</strong></span> <span class='ocrx_word' id='word_1_9' title='bbox 350 328 367 370; x_wconf 90' lang='lat' dir='ltr'><strong>e</strong></span> <span class='ocrx_word' id='word_1_10' title='bbox 390 317 473 371; x_wconf 93' lang='lat' dir='ltr'><strong>motu</strong></span> <span class='ocrx_word' id='word_1_11' title='bbox 496 310 599 371; x_wconf 90' lang='lat' dir='ltr'><strong>audire</strong></span> <span class='ocrx_word' id='word_1_12' title='bbox 623 312 764 390; x_wconf 81' lang='lat' dir='ltr'><strong>crepitus.</strong></span> <span class='ocrx_word' id='word_1_13' title='bbox 810 328 879 372; x_wconf 88' lang='lat' dir='ltr'><strong>eum</strong></span> <span class='ocrx_word' id='word_1_14' title='bbox 902 312 959 370; x_wconf 92' lang='lat' dir='ltr'><strong>iam</strong></span> <span class='ocrx_word' id='word_1_15' title='bbox 983 310 1019 370; x_wconf 91' lang='lat' dir='ltr'><strong>ad</strong></span> <span class='ocrx_word' id='word_1_16' title='bbox 1041 329 1147 372; x_wconf 86' lang='lat' dir='ltr'><strong>manus</strong></span> <span class='ocrx_word' id='word_1_17' title='bbox 1170 311 1364 374; x_wconf 88' lang='lat' dir='ltr'><strong>accedere13</strong></span> 
     </span>
     <span class='ocr_line' id='line_1_3' title="bbox 170 417 1315 498; baseline 0.001 -19"><span class='ocrx_word' id='word_1_18' title='bbox 170 418 353 498; x_wconf 81' lang='lat' dir='ltr'><strong>consuerint,</strong></span> <span class='ocrx_word' id='word_1_19' title='bbox 376 417 526 479; x_wconf 90' lang='lat' dir='ltr'><strong>interdum</strong></span> <span class='ocrx_word' id='word_1_20' title='bbox 551 420 694 497; x_wconf 81' lang='lat' dir='ltr'>inponere</span> <span class='ocrx_word' id='word_1_21' title='bbox 718 419 755 478; x_wconf 90' lang='lat' dir='ltr'><strong>iis</strong></span> <span class='ocrx_word' id='word_1_22' title='bbox 779 436 906 496; x_wconf 89' lang='lat' dir='ltr'><strong>puerum</strong></span> <span class='ocrx_word' id='word_1_23' title='bbox 929 418 975 477; x_wconf 91' lang='lat' dir='ltr'><strong>bis</strong></span> <span class='ocrx_word' id='word_1_24' title='bbox 998 425 1050 478; x_wconf 91' lang='lat' dir='ltr'><strong>aut</strong></span> <span class='ocrx_word' id='word_1_25' title='bbox 1074 426 1118 478; x_wconf 93' lang='lat' dir='ltr'><strong>ter</strong></span> <span class='ocrx_word' id='word_1_26' title='bbox 1138 417 1315 497; x_wconf 85' lang='lat' dir='ltr'><strong>[interdum]</strong></span> 
     </span>
     <span class='ocr_line' id='line_1_4' title="bbox 169 505 1316 606; baseline 0.001 -20"><span class='ocrx_word' id='word_1_27' title='bbox 169 542 297 604; x_wconf 92' lang='lat' dir='ltr'><strong>pronum</strong></span> <span class='ocrx_word' id='word_1_28' title='bbox 320 525 352 584; x_wconf 95' lang='lat' dir='ltr'><strong>in</strong></span> <span class='ocrx_word' id='word_1_29' title='bbox 375 531 518 605; x_wconf 85' lang='lat' dir='ltr'><strong>ventrem,</strong></span> <span class='ocrx_word' id='word_1_30' title='bbox 540 532 643 604; x_wconf 91' lang='lat' dir='ltr'><strong>postea</strong></span> <span class='ocrx_word' id='word_1_31' title='bbox 666 527 725 586; x_wconf 91' lang='lat' dir='ltr'><strong>iam</strong></span> <span class='ocrx_word' id='word_1_32' title='bbox 749 525 909 586; x_wconf 81' lang='lat' dir='ltr'><strong>sedentem.</strong></span> <span class='ocrx_word' id='word_1_33' title='bbox 957 524 1030 585; x_wconf 88' lang='lat' dir='ltr'><strong>hacc</strong></span> <span class='ocrx_word' id='word_1_34' title='bbox 1054 505 1161 606; x_wconf 87' lang='lat' dir='ltr'><strong>iacere,</strong></span> <span class='ocrx_word' id='word_1_35' title='bbox 1184 544 1253 587; x_wconf 92' lang='lat' dir='ltr'><strong>cum</strong></span> <span class='ocrx_word' id='word_1_36' title='bbox 1277 528 1316 587; x_wconf 91' lang='lat' dir='ltr'><strong>sit</strong></span> 
     </span>
    </p>

    <p class='ocr_par' dir='ltr' id='par_1_3' title="bbox 147 631 1384 1034">
     <span class='ocr_line' id='line_1_5' title="bbox 171 631 1384 694; baseline 0.001 -1"><span class='ocrx_word' id='word_1_37' title='bbox 171 633 292 694; x_wconf 81' lang='lat' dir='ltr'><strong>trimus:</strong></span> <span class='ocrx_word' id='word_1_38' title='bbox 323 635 388 693; x_wconf 89' lang='lat' dir='ltr'><strong>tum</strong></span> <span class='ocrx_word' id='word_1_39' title='bbox 420 633 500 692; x_wconf 89' lang='lat' dir='ltr'><strong>euim</strong></span> <span class='ocrx_word' id='word_1_40' title='bbox 533 633 658 693; x_wconf 81' lang='lat' dir='ltr'><strong>maxime</strong></span> <span class='ocrx_word' id='word_1_41' title='bbox 687 651 823 693; x_wconf 90' lang='lat' dir='ltr'><strong>crescere</strong></span> <span class='ocrx_word' id='word_1_42' title='bbox 852 651 885 692; x_wconf 90' lang='lat' dir='ltr'><strong>ac</strong></span> <span class='ocrx_word' id='word_1_43' title='bbox 913 631 1092 692; x_wconf 82' lang='lat' dir='ltr'><strong>lacertosum</strong></span> <span class='ocrx_word' id='word_1_44' title='bbox 1121 632 1194 694; x_wconf 89' lang='lat' dir='ltr'><strong>lieri.</strong></span> <span class='ocrx_word' id='word_1_45' title='bbox 1246 641 1316 694; x_wconf 91' lang='lat' dir='ltr'><strong>sunt</strong></span> <span class='ocrx_word' id='word_1_46' title='bbox 1378 665 1384 675; x_wconf 91' lang='lat'><em>·</em></span> 
     </span>
     <span class='ocr_line' id='line_1_6' title="bbox 147 739 1315 821; baseline 0.004 -24"><span class='ocrx_word' id='word_1_47' title='bbox 147 741 221 820; x_wconf 78' lang='lat' dir='ltr'><strong>aqui</strong></span> <span class='ocrx_word' id='word_1_48' title='bbox 243 739 345 801; x_wconf 90' lang='lat' dir='ltr'><strong>dicant</strong></span> <span class='ocrx_word' id='word_1_49' title='bbox 367 746 435 818; x_wconf 92' lang='lat' dir='ltr'><strong>post</strong></span> <span class='ocrx_word' id='word_1_50' title='bbox 457 757 567 799; x_wconf 88' lang='lat' dir='ltr'><strong>annum</strong></span> <span class='ocrx_word' id='word_1_51' title='bbox 591 747 621 800; x_wconf 89' lang='lat' dir='ltr'><strong>et</strong></span> <span class='ocrx_word' id='word_1_52' title='bbox 645 759 696 800; x_wconf 81' lang='lat' dir='ltr'><strong>sex</strong></span> <span class='ocrx_word' id='word_1_53' title='bbox 720 758 838 800; x_wconf 91' lang='lat' dir='ltr'><strong>menses</strong></span> <span class='ocrx_word' id='word_1_54' title='bbox 861 739 980 800; x_wconf 91' lang='lat' dir='ltr'><strong>eoulum</strong></span> <span class='ocrx_word' id='word_1_55' title='bbox 1004 739 1118 799; x_wconf 89' lang='lat' dir='ltr'><strong>domari</strong></span> <span class='ocrx_word' id='word_1_56' title='bbox 1141 758 1238 821; x_wconf 89' lang='lat' dir='ltr'><strong>posse,</strong></span> <span class='ocrx_word' id='word_1_57' title='bbox 1262 740 1315 802; x_wconf 90' lang='lat' dir='ltr'><strong>sed</strong></span> 
     </span>
     <span class='ocr_line' id='line_1_7' title="bbox 169 845 1314 928; baseline 0.002 -22"><span class='ocrx_word' id='word_1_58' title='bbox 169 845 275 908; x_wconf 91' lang='lat' dir='ltr'><strong>melius</strong></span> <span class='ocrx_word' id='word_1_59' title='bbox 306 855 375 925; x_wconf 85' lang='lat' dir='ltr'><strong>post</strong></span> <span class='ocrx_word' id='word_1_60' title='bbox 408 848 542 928; x_wconf 90' lang='lat' dir='ltr'><strong>trimum,</strong></span> <span class='ocrx_word' id='word_1_61' title='bbox 575 865 590 907; x_wconf 92' lang='lat' dir='ltr'><strong>a</strong></span> <span class='ocrx_word' id='word_1_62' title='bbox 619 865 678 926; x_wconf 93' lang='lat' dir='ltr'><strong>quo</strong></span> <span class='ocrx_word' id='word_1_63' title='bbox 707 856 841 925; x_wconf 91' lang='lat' dir='ltr'><strong>tempore</strong></span> <span class='ocrx_word' id='word_1_64' title='bbox 872 848 987 924; x_wconf 71' lang='lat' dir='ltr'><strong>farrago</strong></span> <span class='ocrx_word' id='word_1_65' title='bbox 1015 846 1080 906; x_wconf 88' lang='lat' dir='ltr'><strong>dari</strong></span> <span class='ocrx_word' id='word_1_66' title='bbox 1108 847 1191 908; x_wconf 92' lang='lat' dir='ltr'><strong>solet.</strong></span> <span class='ocrx_word' id='word_1_67' title='bbox 1242 847 1314 909; x_wconf 90' lang='lat' dir='ltr'><strong>haec</strong></span> 
     </span>
     <span class='ocr_line' id='line_1_8' title="bbox 167 954 1314 1034; baseline 0 -19"><span class='ocrx_word' id='word_1_68' title='bbox 167 956 247 1015; x_wconf 89' lang='lat' dir='ltr'><strong>enim</strong></span> <span class='ocrx_word' id='word_1_69' title='bbox 278 954 416 1034; x_wconf 79' lang='lat' dir='ltr'><strong>purgatio</strong></span> <span class='ocrx_word' id='word_1_70' title='bbox 448 955 575 1014; x_wconf 84' lang='lat' dir='ltr'><strong>maxime</strong></span> <span class='ocrx_word' id='word_1_71' title='bbox 604 957 772 1016; x_wconf 89' lang='lat' dir='ltr'><strong>necessaria</strong></span> <span class='ocrx_word' id='word_1_72' title='bbox 802 956 911 1033; x_wconf 90' lang='lat' dir='ltr'><strong>equino</strong></span> <span class='ocrx_word' id='word_1_73' title='bbox 940 956 1050 1032; x_wconf 92' lang='lat' dir='ltr'><strong>pecori.</strong></span> <span class='ocrx_word' id='word_1_74' title='bbox 1103 954 1180 1033; x_wconf 92' lang='lat' dir='ltr'><strong>quod</strong></span> <span class='ocrx_word' id='word_1_75' title='bbox 1209 954 1314 1016; x_wconf 87' lang='lat' dir='ltr'><strong>diebus</strong></span> 
     </span>
    </p>

    <p class='ocr_par' dir='ltr' id='par_1_4' title="bbox 23 1059 1363 1571">
     <span class='ocr_line' id='line_1_9' title="bbox 23 1059 1363 1140; baseline 0 -18"><span class='ocrx_word' id='word_1_76' title='bbox 23 1066 33 1107; x_wconf 73' lang='lat' dir='ltr'><strong>i</strong></span> <span class='ocrx_word' id='word_1_77' title='bbox 165 1061 271 1123; x_wconf 88' lang='lat' dir='ltr'><strong>decem</strong></span> <span class='ocrx_word' id='word_1_78' title='bbox 299 1061 397 1121; x_wconf 87' lang='lat' dir='ltr'><strong>iacere</strong></span> <span class='ocrx_word' id='word_1_79' title='bbox 424 1068 555 1140; x_wconf 89' lang='lat' dir='ltr'><strong>oportet,</strong></span> <span class='ocrx_word' id='word_1_80' title='bbox 583 1079 638 1121; x_wconf 92' lang='lat' dir='ltr'><strong>nec</strong></span> <span class='ocrx_word' id='word_1_81' title='bbox 661 1062 723 1139; x_wconf 93' lang='lat' dir='ltr'><strong>pati</strong></span> <span class='ocrx_word' id='word_1_82' title='bbox 745 1060 835 1121; x_wconf 88' lang='lat' dir='ltr'><strong>alium</strong></span> <span class='ocrx_word' id='word_1_83' title='bbox 859 1060 953 1121; x_wconf 92' lang='lat' dir='ltr'><strong>ullum</strong></span> <span class='ocrx_word' id='word_1_84' title='bbox 977 1059 1076 1121; x_wconf 91' lang='lat' dir='ltr'><strong>cibum</strong></span> <span class='ocrx_word' id='word_1_85' title='bbox 1100 1069 1228 1139; x_wconf 87' lang='lat' dir='ltr'><strong>gustare.</strong></span> <span class='ocrx_word' id='word_1_86' title='bbox 1274 1062 1363 1122; x_wconf 86' lang='grc'>1114</span> 
     </span>
     <span class='ocr_line' id='line_1_10' title="bbox 162 1166 1314 1250; baseline 0 -20"><span class='ocrx_word' id='word_1_87' title='bbox 162 1167 325 1230; x_wconf 74' lang='lat' dir='ltr'><strong>rondeeimo</strong></span> <span class='ocrx_word' id='word_1_88' title='bbox 349 1166 397 1227; x_wconf 92' lang='lat' dir='ltr'><strong>die</strong></span> <span class='ocrx_word' id='word_1_89' title='bbox 421 1184 516 1245; x_wconf 91' lang='lat' dir='ltr'><strong>usque</strong></span> <span class='ocrx_word' id='word_1_90' title='bbox 540 1166 576 1226; x_wconf 90' lang='lat' dir='ltr'><strong>ad</strong></span> <span class='ocrx_word' id='word_1_91' title='bbox 601 1174 740 1246; x_wconf 89' lang='lat' dir='ltr'><strong>quartum</strong></span> <span class='ocrx_word' id='word_1_92' title='bbox 764 1167 912 1227; x_wconf 89' lang='lat' dir='ltr'><strong>decimum</strong></span> <span class='ocrx_word' id='word_1_93' title='bbox 937 1167 1065 1227; x_wconf 88' lang='lat' dir='ltr'><strong>dandum</strong></span> <span class='ocrx_word' id='word_1_94' title='bbox 1090 1167 1243 1250; x_wconf 81' lang='lat' dir='ltr'><strong>hordeum,</strong></span> <span class='ocrx_word' id='word_1_95' title='bbox 1267 1189 1314 1230; x_wconf 93' lang='lat' dir='ltr'><strong>co·</strong></span> 
     </span>
     <span class='ocr_line' id='line_1_11' title="bbox 110 1269 1315 1353; baseline 0.002 -19"><span class='ocrx_word' id='word_1_96' title='bbox 110 1294 144 1334; x_wconf 87' lang='lat' dir='ltr'><strong>ro</strong></span> <span class='ocrx_word' id='word_1_97' title='bbox 161 1275 239 1336; x_wconf 89' lang='lat' dir='ltr'><strong>tidie</strong></span> <span class='ocrx_word' id='word_1_98' title='bbox 262 1269 440 1335; x_wconf 87' lang='lat' dir='ltr'><strong>adicientem</strong></span> <span class='ocrx_word' id='word_1_99' title='bbox 464 1273 648 1334; x_wconf 87' lang='lat' dir='ltr'><strong>minutatim:</strong></span> <span class='ocrx_word' id='word_1_100' title='bbox 671 1274 749 1352; x_wconf 93' lang='lat' dir='ltr'><strong>quod</strong></span> <span class='ocrx_word' id='word_1_101' title='bbox 774 1283 879 1353; x_wconf 89' lang='lat' dir='ltr'><strong>quarto</strong></span> <span class='ocrx_word' id='word_1_102' title='bbox 902 1273 949 1334; x_wconf 93' lang='lat' dir='ltr'><strong>die</strong></span> <span class='ocrx_word' id='word_1_103' title='bbox 969 1274 1084 1348; x_wconf 82' lang='lat' dir='ltr'><strong>feceris,</strong></span> <span class='ocrx_word' id='word_1_104' title='bbox 1108 1277 1139 1334; x_wconf 93' lang='lat' dir='ltr'><strong>in</strong></span> <span class='ocrx_word' id='word_1_105' title='bbox 1159 1294 1193 1336; x_wconf 92' lang='lat' dir='ltr'><strong>eo</strong></span> <span class='ocrx_word' id='word_1_106' title='bbox 1212 1276 1315 1337; x_wconf 90' lang='lat' dir='ltr'><strong>decem</strong></span> 
     </span>
     <span class='ocr_line' id='line_1_12' title="bbox 156 1379 1314 1461; baseline 0 -17"><span class='ocrx_word' id='word_1_107' title='bbox 156 1382 275 1444; x_wconf 88' lang='lat' dir='ltr'><strong>diebus</strong></span> <span class='ocrx_word' id='word_1_108' title='bbox 306 1381 451 1461; x_wconf 81' lang='lat' dir='ltr'><strong>proximis</strong></span> <span class='ocrx_word' id='word_1_109' title='bbox 483 1379 672 1440; x_wconf 89' lang='lat' dir='ltr'><strong>manendum.</strong></span> <span class='ocrx_word' id='word_1_110' title='bbox 722 1380 758 1441; x_wconf 92' lang='lat' dir='ltr'><strong>ab</strong></span> <span class='ocrx_word' id='word_1_111' title='bbox 787 1400 822 1441; x_wconf 93' lang='lat' dir='ltr'><strong>eo</strong></span> <span class='ocrx_word' id='word_1_112' title='bbox 851 1390 985 1460; x_wconf 92' lang='lat' dir='ltr'><strong>tempore</strong></span> <span class='ocrx_word' id='word_1_113' title='bbox 1013 1382 1204 1443; x_wconf 84' lang='lat' dir='ltr'><strong>mediocriter</strong></span> <span class='ocrx_word' id='word_1_114' title='bbox 1232 1403 1314 1444; x_wconf 84' lang='lat' dir='ltr'><strong>exer-</strong></span> 
     </span>
     <span class='ocr_line' id='line_1_13' title="bbox 151 1487 1315 1571; baseline -0.001 -18"><span class='ocrx_word' id='word_1_115' title='bbox 151 1489 296 1553; x_wconf 82' lang='lat' dir='ltr'><strong>cendum</strong></span> <span class='ocrx_word' id='word_1_116' title='bbox 320 1496 363 1569; x_wconf 89' lang='lat' dir='ltr'><strong>et,</strong></span> <span class='ocrx_word' id='word_1_117' title='bbox 386 1504 455 1549; x_wconf 89' lang='lat' dir='ltr'><strong>cum</strong></span> <span class='ocrx_word' id='word_1_118' title='bbox 479 1487 665 1568; x_wconf 91' lang='lat' dir='ltr'><strong>consudarit,</strong></span> <span class='ocrx_word' id='word_1_119' title='bbox 688 1489 937 1567; x_wconf 84' lang='lat' dir='ltr'><strong>perunguendum</strong></span> <span class='ocrx_word' id='word_1_120' title='bbox 961 1489 1035 1549; x_wconf 87' lang='lat' dir='ltr'><strong>oleo.</strong></span> <span class='ocrx_word' id='word_1_121' title='bbox 1082 1491 1107 1548; x_wconf 93' lang='lat' dir='ltr'><strong>si</strong></span> <span class='ocrx_word' id='word_1_122' title='bbox 1131 1489 1224 1568; x_wconf 83' lang='lat' dir='ltr'><strong>frigus</strong></span> <span class='ocrx_word' id='word_1_123' title='bbox 1249 1494 1315 1571; x_wconf 91' lang='lat' dir='ltr'><strong>erit,</strong></span> 
     </span>
    </p>

    <p class='ocr_par' dir='ltr' id='par_1_5' title="bbox 68 1593 1362 2533">
     <span class='ocr_line' id='line_1_14' title="bbox 145 1593 1362 1678; baseline 0 -18"><span class='ocrx_word' id='word_1_124' title='bbox 145 1601 193 1660; x_wconf 89' lang='lat' dir='ltr'><strong>in</strong></span> <span class='ocrx_word' id='word_1_125' title='bbox 223 1595 319 1678; x_wconf 87' lang='lat' dir='ltr'><strong>equiii</strong></span> <span class='ocrx_word' id='word_1_126' title='bbox 346 1593 499 1656; x_wconf 77' lang='lat' dir='ltr'><strong>faciendus</strong></span> <span class='ocrx_word' id='word_1_127' title='bbox 526 1596 612 1674; x_wconf 92' lang='lat' dir='ltr'><strong>ignis.</strong></span> <span class='ocrx_word' id='word_1_128' title='bbox 658 1614 674 1656; x_wconf 89' lang='lat' dir='ltr'><strong>e</strong></span> <span class='ocrx_word' id='word_1_129' title='bbox 703 1597 769 1674; x_wconf 91' lang='lat' dir='ltr'><strong>quis</strong></span> <span class='ocrx_word' id='word_1_130' title='bbox 798 1596 877 1674; x_wconf 89' lang='lat' dir='ltr'><strong>quod</strong></span> <span class='ocrx_word' id='word_1_131' title='bbox 905 1595 955 1656; x_wconf 88' lang='lat' dir='ltr'><strong>aiii</strong></span> <span class='ocrx_word' id='word_1_132' title='bbox 982 1603 1052 1656; x_wconf 92' lang='lat' dir='ltr'><strong>sunt</strong></span> <span class='ocrx_word' id='word_1_133' title='bbox 1080 1595 1115 1656; x_wconf 90' lang='lat' dir='ltr'><strong>ad</strong></span> <span class='ocrx_word' id='word_1_134' title='bbox 1143 1615 1207 1657; x_wconf 93' lang='lat' dir='ltr'><strong>rem</strong></span> <span class='ocrx_word' id='word_1_135' title='bbox 1233 1598 1362 1660; x_wconf 82' lang='lat' dir='ltr'><strong>mili-15</strong></span> 
     </span>
     <span class='ocr_line' id='line_1_15' title="bbox 143 1700 1314 1794; baseline -0.003 -26"><span class='ocrx_word' id='word_1_136' title='bbox 143 1715 261 1768; x_wconf 82' lang='lat' dir='ltr'><strong>tarem</strong></span> <span class='ocrx_word' id='word_1_137' title='bbox 286 1702 398 1783; x_wconf 90' lang='lat' dir='ltr'><strong>idonei,</strong></span> <span class='ocrx_word' id='word_1_138' title='bbox 426 1701 475 1762; x_wconf 90' lang='lat' dir='ltr'><strong>alii</strong></span> <span class='ocrx_word' id='word_1_139' title='bbox 498 1701 534 1761; x_wconf 89' lang='lat' dir='ltr'><strong>ad</strong></span> <span class='ocrx_word' id='word_1_140' title='bbox 558 1709 724 1782; x_wconf 87' lang='lat' dir='ltr'><strong>vecturam,</strong></span> <span class='ocrx_word' id='word_1_141' title='bbox 748 1702 798 1762; x_wconf 93' lang='lat' dir='ltr'><strong>alii</strong></span> <span class='ocrx_word' id='word_1_142' title='bbox 821 1700 864 1763; x_wconf 81' lang='lat' dir='ltr'><strong>uei</strong></span> <span class='ocrx_word' id='word_1_143' title='bbox 886 1702 1090 1794; x_wconf 72' lang='lat' dir='ltr'><strong>admissuram,</strong></span> <span class='ocrx_word' id='word_1_144' title='bbox 1114 1703 1223 1764; x_wconf 86' lang='lat' dir='ltr'><strong>aiii·ad</strong></span> <span class='ocrx_word' id='word_1_145' title='bbox 1247 1723 1314 1765; x_wconf 90' lang='lat' dir='ltr'><strong>cur·</strong></span> 
     </span>
     <span class='ocr_line' id='line_1_16' title="bbox 68 1810 1313 1894; baseline -0.005 -16"><span class='ocrx_word' id='word_1_146' title='bbox 68 1834 113 1878; x_wconf 82' lang='lat'><strong>1⁵</strong></span> <span class='ocrx_word' id='word_1_147' title='bbox 141 1831 283 1894; x_wconf 81' lang='lat' dir='ltr'><strong>suram,</strong></span> <span class='ocrx_word' id='word_1_148' title='bbox 310 1830 370 1873; x_wconf 93' lang='lat' dir='ltr'><strong>non</strong></span> <span class='ocrx_word' id='word_1_149' title='bbox 398 1813 470 1872; x_wconf 91' lang='lat' dir='ltr'><strong>item</strong></span> <span class='ocrx_word' id='word_1_150' title='bbox 498 1818 568 1871; x_wconf 93' lang='lat' dir='ltr'><strong>sunt</strong></span> <span class='ocrx_word' id='word_1_151' title='bbox 597 1810 750 1888; x_wconf 90' lang='lat' dir='ltr'><strong>spectandi</strong></span> <span class='ocrx_word' id='word_1_152' title='bbox 779 1817 867 1889; x_wconf 88' lang='lat' dir='ltr'><strong>atque</strong></span> <span class='ocrx_word' id='word_1_153' title='bbox 891 1810 1028 1871; x_wconf 87' lang='lat' dir='ltr'><strong>habendi.</strong></span> <span class='ocrx_word' id='word_1_154' title='bbox 1075 1813 1174 1890; x_wconf 92' lang='lat' dir='ltr'><strong>itaque</strong></span> <span class='ocrx_word' id='word_1_155' title='bbox 1199 1814 1313 1890; x_wconf 91' lang='lat' dir='ltr'><strong>peritus</strong></span> 
     </span>
     <span class='ocr_line' id='line_1_17' title="bbox 135 1917 1313 1998; baseline -0.003 -17"><span class='ocrx_word' id='word_1_156' title='bbox 135 1920 236 1987; x_wconf 85' lang='lat' dir='ltr'><strong>helii</strong></span> <span class='ocrx_word' id='word_1_157' title='bbox 265 1919 339 1980; x_wconf 88' lang='lat' dir='ltr'><strong>aiios</strong></span> <span class='ocrx_word' id='word_1_158' title='bbox 367 1919 449 1998; x_wconf 84' lang='lat' dir='ltr'><strong>eligit</strong></span> <span class='ocrx_word' id='word_1_159' title='bbox 476 1926 564 1997; x_wconf 91' lang='lat' dir='ltr'><strong>atque</strong></span> <span class='ocrx_word' id='word_1_160' title='bbox 594 1918 645 1979; x_wconf 90' lang='lat' dir='ltr'><strong>alit</strong></span> <span class='ocrx_word' id='word_1_161' title='bbox 674 1936 707 1978; x_wconf 94' lang='lat' dir='ltr'><strong>ac</strong></span> <span class='ocrx_word' id='word_1_162' title='bbox 735 1917 835 1998; x_wconf 73' lang='lat' dir='ltr'><strong>docet,</strong></span> <span class='ocrx_word' id='word_1_163' title='bbox 863 1917 948 1978; x_wconf 87' lang='lat' dir='ltr'><strong>aliter</strong></span> <span class='ocrx_word' id='word_1_164' title='bbox 977 1917 1183 1996; x_wconf 89' lang='lat' dir='ltr'><strong>quadrigarius</strong></span> <span class='ocrx_word' id='word_1_165' title='bbox 1207 1937 1240 1979; x_wconf 85' lang='lat' dir='ltr'><strong>eo</strong></span> <span class='ocrx_word' id='word_1_166' title='bbox 1265 1918 1313 1978; x_wconf 92' lang='lat' dir='ltr'><strong>de·</strong></span> 
     </span>
     <span class='ocr_line' id='line_1_18' title="bbox 135 2023 1314 2122; baseline -0.005 -30"><span class='ocrx_word' id='word_1_167' title='bbox 135 2026 275 2108; x_wconf 79' lang='lat' dir='ltr'><strong>sultor3</strong></span> <span class='ocrx_word' id='word_1_168' title='bbox 304 2044 401 2121; x_wconf 75' lang='lat' dir='ltr'><strong>neque</strong></span> <span class='ocrx_word' id='word_1_169' title='bbox 430 2026 508 2122; x_wconf 65' lang='lat' dir='ltr'><strong>idem</strong></span> <span class='ocrx_word' id='word_1_170' title='bbox 537 2027 589 2105; x_wconf 93' lang='lat' dir='ltr'><strong>qui</strong></span> <span class='ocrx_word' id='word_1_171' title='bbox 617 2026 764 2114; x_wconf 49' lang='lat' dir='ltr'><strong>vector-ios</strong></span> <span class='ocrx_word' id='word_1_172' title='bbox 792 2025 889 2116; x_wconf 61' lang='lat' dir='ltr'><strong>iacere</strong></span> <span class='ocrx_word' id='word_1_173' title='bbox 919 2024 999 2114; x_wconf 57' lang='grc'>[1111</span> <span class='ocrx_word' id='word_1_174' title='bbox 1008 2024 1042 2084; x_wconf 88' lang='lat' dir='ltr'><strong>ad</strong></span> <span class='ocrx_word' id='word_1_175' title='bbox 1067 2023 1240 2103; x_wconf 90' lang='lat' dir='ltr'><strong>ephippium</strong></span> <span class='ocrx_word' id='word_1_176' title='bbox 1263 2033 1314 2086; x_wconf 90' lang='lat' dir='ltr'><strong>aut</strong></span> 
     </span>
     <span class='ocr_line' id='line_1_19' title="bbox 133 2113 1313 2219; baseline -0.004 -23"><span class='ocrx_word' id='word_1_177' title='bbox 133 2133 204 2199; x_wconf 82' lang='lat' dir='ltr'><strong>ad</strong></span> <span class='ocrx_word' id='word_1_178' title='bbox 226 2133 355 2214; x_wconf 77' lang='lat' dir='ltr'><strong>raedam,</strong></span> <span class='ocrx_word' id='word_1_179' title='bbox 379 2133 457 2212; x_wconf 92' lang='lat' dir='ltr'><strong>quod</strong></span> <span class='ocrx_word' id='word_1_180' title='bbox 481 2140 514 2193; x_wconf 95' lang='lat' dir='ltr'><strong>ut</strong></span> <span class='ocrx_word' id='word_1_181' title='bbox 537 2113 661 2192; x_wconf 71' lang='lat' dir='ltr'><strong>adrem</strong></span> <span class='ocrx_word' id='word_1_182' title='bbox 683 2131 851 2212; x_wconf 90' lang='lat' dir='ltr'><strong>militarem,</strong></span> <span class='ocrx_word' id='word_1_183' title='bbox 875 2131 953 2215; x_wconf 78' lang='lat' dir='ltr'><strong>quod</strong></span> <span class='ocrx_word' id='word_1_184' title='bbox 972 2130 1077 2215; x_wconf 47' lang='lat' dir='ltr'><strong>ibi-ad</strong></span> <span class='ocrx_word' id='word_1_185' title='bbox 1088 2139 1184 2219; x_wconf 69' lang='lat' dir='ltr'><strong>castra</strong></span> <span class='ocrx_word' id='word_1_186' title='bbox 1204 2131 1313 2218; x_wconf 52' lang='lat' dir='ltr'><strong>hahere</strong></span> 
     </span>
     <span class='ocr_line' id='line_1_20' title="bbox 132 2231 1315 2351; baseline -0.004 -47"><span class='ocrx_word' id='word_1_187' title='bbox 132 2240 269 2323; x_wconf 65' lang='lat' dir='ltr'><strong>volqnt</strong></span> <span class='ocrx_word' id='word_1_188' title='bbox 293 2242 453 2351; x_wconf 66' lang='lat' dir='ltr'><strong>ecresqsie</strong></span> <span class='ocrx_word' id='word_1_189' title='bbox 477 2231 579 2329; x_wconf 79' lang='lat' dir='ltr'><strong>contra</strong></span> <span class='ocrx_word' id='word_1_190' title='bbox 604 2241 714 2333; x_wconf 73' lang='lat' dir='ltr'><strong>inviis</strong></span> <span class='ocrx_word' id='word_1_191' title='bbox 736 2237 846 2336; x_wconf 66' lang='lat' dir='ltr'><strong>batere</strong></span> <span class='ocrx_word' id='word_1_192' title='bbox 872 2238 983 2321; x_wconf 69' lang='lat' dir='ltr'><strong>npaippt</strong></span> <span class='ocrx_word' id='word_1_193' title='bbox 1006 2239 1146 2326; x_wconf 74' lang='lat' dir='ltr'><strong>placidos.</strong></span> <span class='ocrx_word' id='word_1_194' title='bbox 1191 2246 1315 2318; x_wconf 91' lang='lat' dir='ltr'><strong>propter</strong></span> 
     </span>
     <span class='ocr_line' id='line_1_21' title="bbox 68 2346 1314 2430; baseline 0.003 -27"><span class='ocrx_word' id='word_1_195' title='bbox 68 2363 109 2403; x_wconf 83' lang='lat'><strong>20</strong></span> <span class='ocrx_word' id='word_1_196' title='bbox 131 2348 246 2430; x_wconf 83' lang='lat' dir='ltr'><strong>quod</strong></span> <span class='ocrx_word' id='word_1_197' title='bbox 271 2348 434 2408; x_wconf 89' lang='lat' dir='ltr'><strong>discrimen</strong></span> <span class='ocrx_word' id='word_1_198' title='bbox 462 2349 588 2407; x_wconf 83' lang='lat' dir='ltr'><strong>maxime</strong></span> <span class='ocrx_word' id='word_1_199' title='bbox 617 2348 789 2407; x_wconf 92' lang='lat' dir='ltr'><strong>institutum</strong></span> <span class='ocrx_word' id='word_1_200' title='bbox 813 2354 846 2407; x_wconf 94' lang='lat' dir='ltr'><strong>ut</strong></span> <span class='ocrx_word' id='word_1_201' title='bbox 870 2353 1040 2407; x_wconf 90' lang='lat' dir='ltr'><strong>castrentur</strong></span> <span class='ocrx_word' id='word_1_202' title='bbox 1063 2348 1140 2426; x_wconf 92' lang='lat' dir='ltr'><strong>equi.</strong></span> <span class='ocrx_word' id='word_1_203' title='bbox 1187 2346 1314 2425; x_wconf 90' lang='lat' dir='ltr'><strong>demptis</strong></span> 
     </span>
     <span class='ocr_line' id='line_1_22' title="bbox 130 2452 1314 2533; baseline -0.002 -17"><span class='ocrx_word' id='word_1_204' title='bbox 130 2456 247 2516; x_wconf 85' lang='lat' dir='ltr'><strong>enim</strong></span> <span class='ocrx_word' id='word_1_205' title='bbox 279 2454 426 2515; x_wconf 88' lang='lat' dir='ltr'><strong>testiculis</strong></span> <span class='ocrx_word' id='word_1_206' title='bbox 460 2455 533 2515; x_wconf 86' lang='lat' dir='ltr'><strong>iiunt</strong></span> <span class='ocrx_word' id='word_1_207' title='bbox 562 2456 737 2533; x_wconf 88' lang='lat' dir='ltr'><strong>quietiores,</strong></span> <span class='ocrx_word' id='word_1_208' title='bbox 773 2452 830 2531; x_wconf 90' lang='lat' dir='ltr'><strong>[et]</strong></span> <span class='ocrx_word' id='word_1_209' title='bbox 860 2452 927 2514; x_wconf 91' lang='lat' dir='ltr'><strong>ideo</strong></span> <span class='ocrx_word' id='word_1_210' title='bbox 956 2453 1033 2532; x_wconf 91' lang='lat' dir='ltr'><strong>quod</strong></span> <span class='ocrx_word' id='word_1_211' title='bbox 1063 2455 1176 2514; x_wconf 89' lang='lat' dir='ltr'><strong>semine</strong></span> <span class='ocrx_word' id='word_1_212' title='bbox 1203 2462 1314 2515; x_wconf 89' lang='lat' dir='ltr'><strong>carent.</strong></span> 
     </span>
    </p>
   </div>
   <div class='ocr_carea' id='block_1_3' title="bbox 132 2691 1314 3115">
    <p class='ocr_par' dir='ltr' id='par_1_6' title="bbox 132 2691 1314 3031">
     <span class='ocr_line' id='line_1_23' title="bbox 239 2691 1314 2765; baseline -0.002 -13"><span class='ocrx_word' id='word_1_213' title='bbox 239 2701 254 2751; x_wconf 80' lang='lat'>2</span> <span class='ocrx_word' id='word_1_214' title='bbox 278 2694 476 2765; x_wconf 75' lang='lat' dir='ltr'><strong>consueuerint</strong></span> <span class='ocrx_word' id='word_1_215' title='bbox 493 2695 521 2748; x_wconf 90' lang='lat' dir='ltr'><strong><em>B</em></strong></span> <span class='ocrx_word' id='word_1_216' title='bbox 591 2693 735 2762; x_wconf 88' lang='lat' dir='ltr'><strong>imponere</strong></span> <span class='ocrx_word' id='word_1_217' title='bbox 759 2691 794 2746; x_wconf 89' lang='lat' dir='ltr'><strong>iis</strong></span> <span class='ocrx_word' id='word_1_218' title='bbox 814 2693 872 2745; x_wconf 94' lang='grc' dir='ltr'><strong>ΡΒ</strong></span> <span class='ocrx_word' id='word_1_219' title='bbox 895 2692 1029 2760; x_wconf 86' lang='lat' dir='ltr'><strong>inponere</strong></span> <span class='ocrx_word' id='word_1_220' title='bbox 1053 2693 1106 2747; x_wconf 90' lang='lat' dir='ltr'><strong>hiis</strong></span> <span class='ocrx_word' id='word_1_221' title='bbox 1125 2695 1152 2746; x_wconf 92' lang='lat' dir='ltr'><strong><em>A</em></strong></span> <span class='ocrx_word' id='word_1_222' title='bbox 1171 2695 1314 2764; x_wconf 90' lang='lat' dir='ltr'><strong>imponere</strong></span> 
     </span>
     <span class='ocr_line' id='line_1_24' title="bbox 132 2779 1313 2851; baseline 0.001 -15"><span class='ocrx_word' id='word_1_223' title='bbox 132 2783 243 2840; x_wconf 73' lang='lat' dir='ltr'><strong>hiso</strong></span> <span class='ocrx_word' id='word_1_224' title='bbox 312 2783 357 2840; x_wconf 83' lang='lat' dir='ltr'><strong>bis</strong></span> <span class='ocrx_word' id='word_1_225' title='bbox 376 2788 426 2840; x_wconf 81' lang='lat' dir='ltr'><strong>aut</strong></span> <span class='ocrx_word' id='word_1_226' title='bbox 444 2787 487 2840; x_wconf 88' lang='lat' dir='ltr'><strong>ter</strong></span> <span class='ocrx_word' id='word_1_227' title='bbox 504 2783 645 2838; x_wconf 91' lang='lat' dir='ltr'><strong>interdum</strong></span> <span class='ocrx_word' id='word_1_228' title='bbox 663 2798 782 2851; x_wconf 90' lang='lat' dir='ltr'><strong>pronum</strong></span> <span class='ocrx_word' id='word_1_229' title='bbox 797 2780 887 2834; x_wconf 93' lang='lat' dir='ltr'><strong>PAB</strong></span> <span class='ocrx_word' id='word_1_230' title='bbox 905 2779 949 2834; x_wconf 86' lang='lat' dir='ltr'><strong>bis</strong></span> <span class='ocrx_word' id='word_1_231' title='bbox 968 2783 1018 2835; x_wconf 83' lang='lat' dir='ltr'><strong>aut</strong></span> <span class='ocrx_word' id='word_1_232' title='bbox 1035 2783 1079 2836; x_wconf 86' lang='lat' dir='ltr'><strong>ter</strong></span> <span class='ocrx_word' id='word_1_233' title='bbox 1095 2799 1214 2851; x_wconf 88' lang='lat' dir='ltr'><strong>pronum</strong></span> <span class='ocrx_word' id='word_1_234' title='bbox 1229 2784 1313 2837; x_wconf 89' lang='lat' dir='ltr'><strong>inter-</strong></span> 
     </span>
     <span class='ocr_line' id='line_1_25' title="bbox 135 2868 1243 2944; baseline 0.001 -20"><span class='ocrx_word' id='word_1_235' title='bbox 135 2871 270 2930; x_wconf 79' lang='lat' dir='ltr'><strong>dumo</strong></span> <span class='ocrx_word' id='word_1_236' title='bbox 290 2875 334 2929; x_wconf 84' lang='lat' dir='ltr'><strong>bis</strong></span> <span class='ocrx_word' id='word_1_237' title='bbox 354 2877 404 2929; x_wconf 85' lang='lat' dir='ltr'><strong>ant</strong></span> <span class='ocrx_word' id='word_1_238' title='bbox 421 2876 464 2929; x_wconf 86' lang='lat' dir='ltr'><strong>ter</strong></span> <span class='ocrx_word' id='word_1_239' title='bbox 482 2889 601 2944; x_wconf 87' lang='lat' dir='ltr'><strong>pronum</strong></span> <span class='ocrx_word' id='word_1_240' title='bbox 620 2871 767 2927; x_wconf 74' lang='lat' dir='ltr'><strong>Iucundos</strong></span> <span class='ocrx_word' id='word_1_241' title='bbox 838 2876 856 2922; x_wconf 82' lang='lat'>4</span> <span class='ocrx_word' id='word_1_242' title='bbox 879 2868 979 2923; x_wconf 84' lang='lat' dir='ltr'><strong>trimus</strong></span> <span class='ocrx_word' id='word_1_243' title='bbox 996 2885 1013 2923; x_wconf 85' lang='lat' dir='ltr'><strong>o</strong></span> <span class='ocrx_word' id='word_1_244' title='bbox 1031 2869 1130 2924; x_wconf 83' lang='lat' dir='ltr'><strong>trimas</strong></span> <span class='ocrx_word' id='word_1_245' title='bbox 1151 2871 1243 2925; x_wconf 92' lang='lat' dir='ltr'><strong>PAB</strong></span> 
     </span>
     <span class='ocr_line' id='line_1_26' title="bbox 137 2957 1314 3031; baseline -0.001 -14"><span class='ocrx_word' id='word_1_246' title='bbox 137 2961 162 3010; x_wconf 74' lang='grc' dir='ltr'>ὅ</span> <span class='ocrx_word' id='word_1_247' title='bbox 192 2965 309 3018; x_wconf 79' lang='lat' dir='ltr'><strong>eoelum</strong></span> <span class='ocrx_word' id='word_1_248' title='bbox 322 2963 414 3018; x_wconf 87' lang='lat' dir='ltr'><strong>PAR</strong></span> <span class='ocrx_word' id='word_1_249' title='bbox 427 2963 588 3031; x_wconf 85' lang='lat' dir='ltr'><strong>equulumo</strong></span> <span class='ocrx_word' id='word_1_250' title='bbox 634 2958 742 3016; x_wconf 81' lang='lat' dir='ltr'><strong>domari</strong></span> <span class='ocrx_word' id='word_1_251' title='bbox 755 2975 771 3013; x_wconf 85' lang='lat' dir='ltr'><strong>o</strong></span> <span class='ocrx_word' id='word_1_252' title='bbox 785 2959 899 3013; x_wconf 84' lang='lat' dir='ltr'><strong>domare</strong></span> <span class='ocrx_word' id='word_1_253' title='bbox 914 2974 982 3013; x_wconf 82' lang='lat' dir='ltr'><strong>corr.</strong></span> <span class='ocrx_word' id='word_1_254' title='bbox 998 2990 1031 2998; x_wconf 89' lang='lat'><strong>—</strong></span> <span class='ocrx_word' id='word_1_255' title='bbox 1047 2957 1072 3011; x_wconf 91' lang='lat' dir='ltr'><strong>ri</strong></span> <span class='ocrx_word' id='word_1_256' title='bbox 1085 2960 1113 3013; x_wconf 94' lang='lat' dir='ltr'><strong><em>A</em></strong></span> <span class='ocrx_word' id='word_1_257' title='bbox 1127 2960 1241 3016; x_wconf 83' lang='lat' dir='ltr'><strong>domare</strong></span> <span class='ocrx_word' id='word_1_258' title='bbox 1256 2962 1314 3016; x_wconf 94' lang='grc' dir='ltr'><strong>ΡΒ</strong></span> 
     </span>
    </p>

    <p class='ocr_par' dir='ltr' id='par_1_7' title="bbox 227 3046 1314 3115">
     <span class='ocr_line' id='line_1_27' title="bbox 227 3046 1314 3115; baseline -0.001 -9"><span class='ocrx_word' id='word_1_259' title='bbox 227 3051 425 3107; x_wconf 80' lang='lat' dir='ltr'><strong>inescesoaria</strong></span> <span class='ocrx_word' id='word_1_260' title='bbox 434 3052 462 3107; x_wconf 95' lang='lat' dir='ltr'><strong><em>A</em></strong></span> <span class='ocrx_word' id='word_1_261' title='bbox 507 3058 522 3105; x_wconf 90' lang='grc'>9</span> <span class='ocrx_word' id='word_1_262' title='bbox 538 3048 641 3105; x_wconf 82' lang='lat' dir='ltr'><strong>cotidie</strong></span> <span class='ocrx_word' id='word_1_263' title='bbox 652 3049 711 3102; x_wconf 91' lang='lat' dir='ltr'><strong>AB</strong></span> <span class='ocrx_word' id='word_1_264' title='bbox 726 3047 843 3102; x_wconf 80' lang='lat' dir='ltr'><strong>cottidie</strong></span> <span class='ocrx_word' id='word_1_265' title='bbox 856 3048 884 3100; x_wconf 94' lang='lat' dir='ltr'><em>P</em></span> <span class='ocrx_word' id='word_1_266' title='bbox 900 3046 1052 3115; x_wconf 84' lang='lat' dir='ltr'><strong>quotidieo</strong></span> <span class='ocrx_word' id='word_1_267' title='bbox 1099 3055 1132 3104; x_wconf 90' lang='lat'><strong>10</strong></span> <span class='ocrx_word' id='word_1_268' title='bbox 1147 3049 1314 3105; x_wconf 75' lang='lat' dir='ltr'><strong>adicientem</strong></span> 
     </span>
    </p>
   </div>
   <div class='ocr_carea' id='block_1_4' title="bbox 144 3141 1316 3776">
    <p class='ocr_par' dir='ltr' id='par_1_8' title="bbox 144 3141 1316 3776">
     <span class='ocr_line' id='line_1_28' title="bbox 144 3141 1314 3245; baseline -0.003 -14"><span class='ocrx_word' id='word_1_269' title='bbox 144 3168 187 3222; x_wconf 90' lang='lat' dir='ltr'><strong>P</strong></span> <span class='ocrx_word' id='word_1_270' title='bbox 215 3175 408 3245; x_wconf 74' lang='lat' dir='ltr'><strong>adieicientem</strong></span> <span class='ocrx_word' id='word_1_271' title='bbox 426 3176 454 3229; x_wconf 94' lang='lat' dir='ltr'><em>B</em></span> <span class='ocrx_word' id='word_1_272' title='bbox 473 3141 652 3230; x_wconf 56' lang='lat' dir='ltr'><strong>additionum</strong></span> <span class='ocrx_word' id='word_1_273' title='bbox 670 3173 698 3228; x_wconf 95' lang='lat' dir='ltr'><strong><em>A</em></strong></span> <span class='ocrx_word' id='word_1_274' title='bbox 716 3172 908 3228; x_wconf 84' lang='lat' dir='ltr'><strong>adiiciendoo</strong></span> <span class='ocrx_word' id='word_1_275' title='bbox 980 3174 1314 3230; x_wconf 82' lang='lat' dir='ltr'><strong>11exereendumcex-</strong></span> 
     </span>
     <span class='ocr_line' id='line_1_29' title="bbox 149 3257 1314 3334; baseline 0.005 -20"><span class='ocrx_word' id='word_1_276' title='bbox 149 3257 310 3322; x_wconf 78' lang='lat' dir='ltr'><strong>trientum</strong></span> <span class='ocrx_word' id='word_1_277' title='bbox 329 3267 387 3320; x_wconf 93' lang='grc' dir='ltr'><strong>ΡΒ</strong></span> <span class='ocrx_word' id='word_1_278' title='bbox 411 3265 575 3320; x_wconf 82' lang='lat' dir='ltr'><strong>exmendum</strong></span> <span class='ocrx_word' id='word_1_279' title='bbox 593 3264 621 3320; x_wconf 91' lang='lat' dir='ltr'><strong><em>A</em></strong></span> <span class='ocrx_word' id='word_1_280' title='bbox 640 3262 815 3317; x_wconf 84' lang='lat' dir='ltr'><strong>eximendum</strong></span> <span class='ocrx_word' id='word_1_281' title='bbox 834 3279 869 3319; x_wconf 83' lang='lat' dir='ltr'><strong>m.</strong></span> <span class='ocrx_word' id='word_1_282' title='bbox 907 3262 959 3316; x_wconf 80' lang='lat' dir='ltr'><strong>‘Iu</strong></span> <span class='ocrx_word' id='word_1_283' title='bbox 977 3263 1082 3317; x_wconf 82' lang='lat' dir='ltr'><strong>eunctis</strong></span> <span class='ocrx_word' id='word_1_284' title='bbox 1100 3280 1185 3318; x_wconf 80' lang='lat' dir='ltr'><strong>manu</strong></span> <span class='ocrx_word' id='word_1_285' title='bbox 1203 3266 1314 3334; x_wconf 81' lang='lat' dir='ltr'><strong>seriptis</strong></span> 
     </span>
     <span class='ocr_line' id='line_1_30' title="bbox 152 3352 1314 3424; baseline -0.001 -16"><span class='ocrx_word' id='word_1_286' title='bbox 152 3362 231 3408; x_wconf 65' lang='lat' dir='ltr'><strong>moe</strong></span> <span class='ocrx_word' id='word_1_287' title='bbox 245 3361 351 3424; x_wconf 80' lang='lat' dir='ltr'><strong>eccepto</strong></span> <span class='ocrx_word' id='word_1_288' title='bbox 370 3353 550 3408; x_wconf 82' lang='lat' dir='ltr'><strong>Extriendnm</strong></span> <span class='ocrx_word' id='word_1_289' title='bbox 565 3355 618 3407; x_wconf 82' lang='lat' dir='ltr'><strong>:in</strong></span> <span class='ocrx_word' id='word_1_290' title='bbox 640 3353 689 3407; x_wconf 82' lang='lat' dir='ltr'><strong>illo</strong></span> <span class='ocrx_word' id='word_1_291' title='bbox 711 3356 814 3418; x_wconf 83' lang='lat' dir='ltr'><strong>autem,</strong></span> <span class='ocrx_word' id='word_1_292' title='bbox 833 3352 881 3419; x_wconf 71' lang='lat' dir='ltr'><strong>qut·</strong></span> <span class='ocrx_word' id='word_1_293' title='bbox 899 3367 914 3405; x_wconf 86' lang='lat' dir='ltr'><strong>e</strong></span> <span class='ocrx_word' id='word_1_294' title='bbox 930 3352 1087 3406; x_wconf 75' lang='lat' dir='ltr'><strong>melioratus</strong></span> <span class='ocrx_word' id='word_1_295' title='bbox 1103 3369 1162 3407; x_wconf 78' lang='lat' dir='ltr'><strong>non</strong></span> <span class='ocrx_word' id='word_1_296' title='bbox 1179 3359 1231 3421; x_wconf 86' lang='lat' dir='ltr'><strong>est,</strong></span> <span class='ocrx_word' id='word_1_297' title='bbox 1251 3354 1314 3407; x_wconf 86' lang='lat' dir='ltr'><strong>Exi-</strong></span> 
     </span>
     <span class='ocr_line' id='line_1_31' title="bbox 156 3438 1314 3508; baseline 0.004 -16"><span class='ocrx_word' id='word_1_298' title='bbox 156 3443 312 3499; x_wconf 82' lang='lat' dir='ltr'><strong>mendum’</strong></span> <span class='ocrx_word' id='word_1_299' title='bbox 338 3445 474 3499; x_wconf 82' lang='lat' dir='ltr'><strong>Victorius</strong></span> <span class='ocrx_word' id='word_1_300' title='bbox 548 3448 579 3495; x_wconf 77' lang='lat'><strong>12</strong></span> <span class='ocrx_word' id='word_1_301' title='bbox 600 3459 663 3496; x_wconf 91' lang='lat' dir='ltr'><strong>eum</strong></span> <span class='ocrx_word' id='word_1_302' title='bbox 681 3438 842 3494; x_wconf 87' lang='lat' dir='ltr'><strong>consudarit</strong></span> <span class='ocrx_word' id='word_1_303' title='bbox 855 3440 912 3495; x_wconf 93' lang='lat' dir='ltr'><strong>PA</strong></span> <span class='ocrx_word' id='word_1_304' title='bbox 930 3458 994 3494; x_wconf 90' lang='lat' dir='ltr'><strong>enm</strong></span> <span class='ocrx_word' id='word_1_305' title='bbox 1012 3442 1192 3508; x_wconf 79' lang='lat' dir='ltr'><strong>consudeript</strong></span> <span class='ocrx_word' id='word_1_306' title='bbox 1204 3443 1232 3497; x_wconf 93' lang='lat' dir='ltr'><strong><em>B</em></strong></span> <span class='ocrx_word' id='word_1_307' title='bbox 1251 3460 1314 3497; x_wconf 90' lang='lat' dir='ltr'><strong>cum</strong></span> 
     </span>
     <span class='ocr_line' id='line_1_32' title="bbox 159 3526 1316 3602; baseline 0.005 -22"><span class='ocrx_word' id='word_1_308' title='bbox 159 3526 344 3587; x_wconf 73' lang='lat' dir='ltr'><strong>rudere-itu</strong></span> <span class='ocrx_word' id='word_1_309' title='bbox 415 3531 624 3602; x_wconf 88' lang='lat' dir='ltr'><strong>perungendum</strong></span> <span class='ocrx_word' id='word_1_310' title='bbox 645 3531 671 3585; x_wconf 86' lang='lat' dir='ltr'><strong><em>V</em></strong></span> <span class='ocrx_word' id='word_1_311' title='bbox 742 3535 774 3583; x_wconf 86' lang='lat'><strong>13</strong></span> <span class='ocrx_word' id='word_1_312' title='bbox 793 3547 808 3583; x_wconf 90' lang='grc'><strong>1</strong></span> <span class='ocrx_word' id='word_1_313' title='bbox 828 3529 900 3598; x_wconf 85' lang='lat' dir='ltr'><strong>quis]</strong></span> <span class='ocrx_word' id='word_1_314' title='bbox 922 3529 999 3598; x_wconf 89' lang='lat' dir='ltr'><strong>equis</strong></span> <span class='ocrx_word' id='word_1_315' title='bbox 1019 3531 1109 3584; x_wconf 89' lang='lat' dir='ltr'><strong>VAB</strong></span> <span class='ocrx_word' id='word_1_316' title='bbox 1122 3531 1186 3599; x_wconf 90' lang='lat' dir='ltr'><strong>equi</strong></span> <span class='ocrx_word' id='word_1_317' title='bbox 1199 3549 1233 3587; x_wconf 86' lang='lat' dir='ltr'><strong>m.</strong></span> <span class='ocrx_word' id='word_1_318' title='bbox 1264 3532 1316 3586; x_wconf 77' lang='lat' dir='ltr'><strong>‘Iu</strong></span> 
     </span>
     <span class='ocr_line' id='line_1_33' title="bbox 159 3617 1315 3690; baseline 0.004 -20"><span class='ocrx_word' id='word_1_319' title='bbox 159 3623 256 3673; x_wconf 68' lang='lat' dir='ltr'><strong>ttotoue</strong></span> <span class='ocrx_word' id='word_1_320' title='bbox 265 3621 376 3690; x_wconf 80' lang='lat' dir='ltr'><strong>scriptis</strong></span> <span class='ocrx_word' id='word_1_321' title='bbox 390 3618 491 3688; x_wconf 83' lang='lat' dir='ltr'><strong>Equis.</strong></span> <span class='ocrx_word' id='word_1_322' title='bbox 503 3619 634 3675; x_wconf 79' lang='lat' dir='ltr'><strong>Fortasse</strong></span> <span class='ocrx_word' id='word_1_323' title='bbox 648 3637 662 3674; x_wconf 89' lang='lat' dir='ltr'><strong>e</strong></span> <span class='ocrx_word' id='word_1_324' title='bbox 678 3619 750 3688; x_wconf 90' lang='lat' dir='ltr'><strong>quis’</strong></span> <span class='ocrx_word' id='word_1_325' title='bbox 768 3617 903 3673; x_wconf 75' lang='lat' dir='ltr'><strong>Victorius</strong></span> <span class='ocrx_word' id='word_1_326' title='bbox 941 3625 974 3672; x_wconf 83' lang='lat'><strong>14</strong></span> <span class='ocrx_word' id='word_1_327' title='bbox 988 3619 1038 3672; x_wconf 83' lang='lat' dir='ltr'><strong>alii</strong></span> <span class='ocrx_word' id='word_1_328' title='bbox 1051 3620 1087 3674; x_wconf 89' lang='lat' dir='ltr'><strong>ad</strong></span> <span class='ocrx_word' id='word_1_329' title='bbox 1102 3621 1285 3676; x_wconf 79' lang='lat' dir='ltr'><strong>admissuram</strong></span> <span class='ocrx_word' id='word_1_330' title='bbox 1299 3638 1315 3676; x_wconf 87' lang='lat' dir='ltr'><strong>o</strong></span> 
     </span>
     <span class='ocr_line' id='line_1_34' title="bbox 159 3695 1314 3776; baseline 0.002 -14"><span class='ocrx_word' id='word_1_331' title='bbox 159 3695 419 3765; x_wconf 67' lang='lat' dir='ltr'><strong>tliiaamnsuram</strong></span> <span class='ocrx_word' id='word_1_332' title='bbox 434 3709 526 3764; x_wconf 83' lang='lat' dir='ltr'><strong>PAR</strong></span> <span class='ocrx_word' id='word_1_333' title='bbox 581 3714 612 3762; x_wconf 83' lang='lat'><strong>15</strong></span> <span class='ocrx_word' id='word_1_334' title='bbox 632 3711 716 3776; x_wconf 72' lang='lat' dir='ltr'><strong>acque</strong></span> <span class='ocrx_word' id='word_1_335' title='bbox 730 3705 852 3762; x_wconf 72' lang='lat' dir='ltr'><strong>habenae</strong></span> <span class='ocrx_word' id='word_1_336' title='bbox 866 3707 915 3762; x_wconf 78' lang='lat' dir='ltr'><strong>ne</strong></span> <span class='ocrx_word' id='word_1_337' title='bbox 929 3707 1022 3776; x_wconf 77' lang='lat' dir='ltr'><strong>adque</strong></span> <span class='ocrx_word' id='word_1_338' title='bbox 1036 3709 1225 3764; x_wconf 69' lang='lat' dir='ltr'><strong>hahenaim</strong></span> <span class='ocrx_word' id='word_1_339' title='bbox 1284 3717 1314 3764; x_wconf 82' lang='lat' dir='ltr'><strong>re</strong></span> 
     </span>
    </p>
   </div>
   <div class='ocr_carea' id='block_1_5' title="bbox 137 3810 1316 4334">
    <p class='ocr_par' dir='ltr' id='par_1_9' title="bbox 137 3810 1316 4334">
     <span class='ocr_line' id='line_1_35' title="bbox 157 3810 1316 3901; baseline 0 -17"><span class='ocrx_word' id='word_1_340' title='bbox 157 3817 250 3893; x_wconf 62' lang='lat' dir='ltr'><strong>eligit</strong></span> <span class='ocrx_word' id='word_1_341' title='bbox 272 3810 425 3900; x_wconf 78' lang='lat' dir='ltr'><strong>VA⁰1egit</strong></span> <span class='ocrx_word' id='word_1_342' title='bbox 447 3832 474 3884; x_wconf 93' lang='lat' dir='ltr'><em>B</em></span> <span class='ocrx_word' id='word_1_343' title='bbox 556 3837 640 3901; x_wconf 83' lang='lat' dir='ltr'><strong>atque</strong></span> <span class='ocrx_word' id='word_1_344' title='bbox 663 3831 717 3886; x_wconf 84' lang='lat' dir='ltr'><strong>elit</strong></span> <span class='ocrx_word' id='word_1_345' title='bbox 738 3832 788 3887; x_wconf 85' lang='lat' dir='ltr'><strong>Bo</strong></span> <span class='ocrx_word' id='word_1_346' title='bbox 810 3829 901 3899; x_wconf 84' lang='lat' dir='ltr'><strong>adque</strong></span> <span class='ocrx_word' id='word_1_347' title='bbox 924 3831 976 3885; x_wconf 83' lang='lat' dir='ltr'><strong>alit</strong></span> <span class='ocrx_word' id='word_1_348' title='bbox 998 3832 1055 3885; x_wconf 94' lang='lat' dir='ltr'><strong>PA</strong></span> <span class='ocrx_word' id='word_1_349' title='bbox 1136 3848 1168 3885; x_wconf 81' lang='lat' dir='ltr'><strong>uc</strong></span> <span class='ocrx_word' id='word_1_350' title='bbox 1191 3832 1316 3886; x_wconf 88' lang='lat' dir='ltr'><strong>desultor</strong></span> 
     </span>
     <span class='ocr_line' id='line_1_36' title="bbox 159 3901 1313 3990; baseline -0.005 -12"><span class='ocrx_word' id='word_1_351' title='bbox 159 3901 276 3978; x_wconf 61' lang='lat' dir='ltr'><strong>Uim</strong></span> <span class='ocrx_word' id='word_1_352' title='bbox 295 3920 439 3978; x_wconf 80' lang='lat' dir='ltr'><strong>odesultor</strong></span> <span class='ocrx_word' id='word_1_353' title='bbox 457 3921 518 3976; x_wconf 88' lang='lat' dir='ltr'><strong>AB</strong></span> <span class='ocrx_word' id='word_1_354' title='bbox 582 3928 613 3976; x_wconf 83' lang='grc'><strong>17</strong></span> <span class='ocrx_word' id='word_1_355' title='bbox 633 3938 724 3990; x_wconf 89' lang='lat' dir='ltr'><strong>neque</strong></span> <span class='ocrx_word' id='word_1_356' title='bbox 743 3920 810 3975; x_wconf 86' lang='lat' dir='ltr'><strong>item</strong></span> <span class='ocrx_word' id='word_1_357' title='bbox 830 3919 965 3974; x_wconf 79' lang='lat' dir='ltr'><strong>Gesnerus</strong></span> <span class='ocrx_word' id='word_1_358' title='bbox 1028 3919 1076 3987; x_wconf 90' lang='lat' dir='ltr'><strong>qui</strong></span> <span class='ocrx_word' id='word_1_359' title='bbox 1094 3918 1234 3974; x_wconf 70' lang='lat' dir='ltr'><strong>neoterica</strong></span> <span class='ocrx_word' id='word_1_360' title='bbox 1258 3919 1313 3972; x_wconf 91' lang='lat' dir='ltr'><strong>VA</strong></span> 
     </span>
     <span class='ocr_line' id='line_1_37' title="bbox 150 4002 1315 4080; baseline -0.006 -13"><span class='ocrx_word' id='word_1_361' title='bbox 150 4002 310 4067; x_wconf 62' lang='grc' dir='ltr'><strong>11θθΐῡῑίοε</strong></span> <span class='ocrx_word' id='word_1_362' title='bbox 328 4011 377 4080; x_wconf 92' lang='lat' dir='ltr'><strong>qui</strong></span> <span class='ocrx_word' id='word_1_363' title='bbox 395 4025 463 4065; x_wconf 81' lang='lat' dir='ltr'><strong>corr.</strong></span> <span class='ocrx_word' id='word_1_364' title='bbox 483 4009 532 4078; x_wconf 90' lang='lat' dir='ltr'><strong>qui</strong></span> <span class='ocrx_word' id='word_1_365' title='bbox 550 4010 689 4066; x_wconf 80' lang='lat' dir='ltr'><strong>nestorios</strong></span> <span class='ocrx_word' id='word_1_366' title='bbox 703 4013 731 4066; x_wconf 93' lang='lat' dir='ltr'><em>B</em></span> <span class='ocrx_word' id='word_1_367' title='bbox 788 4014 819 4063; x_wconf 89' lang='lat'><strong>18</strong></span> <span class='ocrx_word' id='word_1_368' title='bbox 839 4007 1027 4076; x_wconf 84' lang='lat' dir='ltr'><strong>adpraedam</strong></span> <span class='ocrx_word' id='word_1_369' title='bbox 1048 4006 1136 4063; x_wconf 87' lang='lat' dir='ltr'><strong>VAB</strong></span> <span class='ocrx_word' id='word_1_370' title='bbox 1150 4008 1185 4063; x_wconf 83' lang='lat' dir='ltr'><strong>nd</strong></span> <span class='ocrx_word' id='word_1_371' title='bbox 1199 4007 1315 4061; x_wconf 82' lang='lat' dir='ltr'><strong>rhedam</strong></span> 
     </span>
     <span class='ocr_line' id='line_1_38' title="bbox 147 4073 1316 4171; baseline 0.001 -20"><span class='ocrx_word' id='word_1_372' title='bbox 147 4073 292 4171; x_wconf 41' lang='lat' dir='ltr'><strong>,Minus</strong></span> <span class='ocrx_word' id='word_1_373' title='bbox 337 4100 447 4153; x_wconf 84' lang='lat' dir='ltr'><strong>adrem</strong></span> <span class='ocrx_word' id='word_1_374' title='bbox 461 4099 612 4154; x_wconf 84' lang='lat' dir='ltr'><strong>militarem</strong></span> <span class='ocrx_word' id='word_1_375' title='bbox 627 4101 703 4168; x_wconf 88' lang='lat' dir='ltr'><strong>quod</strong></span> <span class='ocrx_word' id='word_1_376' title='bbox 716 4097 971 4155; x_wconf 69' lang='lat' dir='ltr'><strong>sequentiamque</strong></span> <span class='ocrx_word' id='word_1_377' title='bbox 1017 4104 1049 4152; x_wconf 87' lang='grc'><strong>19</strong></span> <span class='ocrx_word' id='word_1_378' title='bbox 1065 4114 1142 4152; x_wconf 83' lang='lat' dir='ltr'><strong>acres</strong></span> <span class='ocrx_word' id='word_1_379' title='bbox 1156 4127 1190 4137; x_wconf 92' lang='lat'>-</span> <span class='ocrx_word' id='word_1_380' title='bbox 1205 4097 1316 4152; x_wconf 85' lang='lat' dir='ltr'><strong>malunt</strong></span> 
     </span>
     <span class='ocr_line' id='line_1_39' title="bbox 139 4176 1316 4258; baseline 0 -16"><span class='ocrx_word' id='word_1_381' title='bbox 139 4176 171 4215; x_wconf 70' lang='lat' dir='ltr'><em>m</em></span> <span class='ocrx_word' id='word_1_382' title='bbox 197 4189 343 4258; x_wconf 66' lang='lat' dir='ltr'><strong>mareiae</strong></span> <span class='ocrx_word' id='word_1_383' title='bbox 362 4188 390 4243; x_wconf 94' lang='lat' dir='ltr'><strong><em>A</em></strong></span> <span class='ocrx_word' id='word_1_384' title='bbox 461 4195 495 4242; x_wconf 85' lang='lat'><strong>20</strong></span> <span class='ocrx_word' id='word_1_385' title='bbox 514 4190 671 4245; x_wconf 84' lang='lat' dir='ltr'><strong>castrentur</strong></span> <span class='ocrx_word' id='word_1_386' title='bbox 694 4189 751 4243; x_wconf 91' lang='lat' dir='ltr'><strong>VB</strong></span> <span class='ocrx_word' id='word_1_387' title='bbox 770 4187 958 4242; x_wconf 82' lang='lat' dir='ltr'><strong>castrarentur</strong></span> <span class='ocrx_word' id='word_1_388' title='bbox 975 4186 1035 4240; x_wconf 87' lang='lat' dir='ltr'><strong>Am</strong></span> <span class='ocrx_word' id='word_1_389' title='bbox 1108 4193 1140 4241; x_wconf 81' lang='lat'><strong>21</strong></span> <span class='ocrx_word' id='word_1_390' title='bbox 1161 4190 1190 4242; x_wconf 89' lang='lat' dir='ltr'><strong>et</strong></span> <span class='ocrx_word' id='word_1_391' title='bbox 1207 4188 1316 4242; x_wconf 77' lang='lat' dir='ltr'><strong>seclusit</strong></span> 
     </span>
     <span class='ocr_line' id='line_1_40' title="bbox 137 4246 1078 4334; baseline -0.004 0"><span class='ocrx_word' id='word_1_392' title='bbox 137 4246 352 4334; x_wconf 49' lang='lat' dir='ltr'><strong>&amp;hactetenus</strong></span> <span class='ocrx_word' id='word_1_393' title='bbox 424 4279 528 4334; x_wconf 88' lang='lat' dir='ltr'><strong>semine</strong></span> <span class='ocrx_word' id='word_1_394' title='bbox 547 4280 641 4334; x_wconf 80' lang='lat' dir='ltr'><strong>BA²o</strong></span> <span class='ocrx_word' id='word_1_395' title='bbox 661 4277 767 4332; x_wconf 83' lang='lat' dir='ltr'><strong>semina</strong></span> <span class='ocrx_word' id='word_1_396' title='bbox 785 4278 813 4330; x_wconf 94' lang='lat' dir='ltr'><strong><em>A</em></strong></span> <span class='ocrx_word' id='word_1_397' title='bbox 831 4281 856 4330; x_wconf 87' lang='lat' dir='ltr'><strong>et</strong></span> <span class='ocrx_word' id='word_1_398' title='bbox 874 4281 905 4331; x_wconf 83' lang='lat' dir='ltr'><strong>ut</strong></span> <span class='ocrx_word' id='word_1_399' title='bbox 922 4277 1030 4331; x_wconf 79' lang='lat' dir='ltr'><strong>uidetur</strong></span> <span class='ocrx_word' id='word_1_400' title='bbox 1049 4275 1078 4330; x_wconf 93' lang='lat' dir='ltr'><strong><em>P</em></strong></span> 
     </span>
    </p>
   </div>
   <div class='ocr_carea' id='block_1_6' title="bbox 0 0 1505 5026">
    <p class='ocr_par' dir='ltr' id='par_1_10' title="bbox 0 0 1505 5026">
     <span class='ocr_line' id='line_1_41' title="bbox 0 0 1505 5026; baseline 0 0"><span class='ocrx_word' id='word_1_401' title='bbox 0 0 1505 5026; x_wconf 95' lang='lat' dir='ltr'><strong> </strong></span> 
     </span>
    </p>
   </div>
  </div>
 </body>
</html>
