3000 5026
385 303 386 306 ‘
409 327 538 383 annun
555 326 792 384 avonioraon
810 329 877 386 nra.
896 329 909 384 1
927 328 1047 389 29-31
1243 329 1305 393 169

162 498 193 558 id
226 504 272 557 est
303 497 508 577 conminuere,
541 514 578 556 ne
611 497 651 557 sit
678 496 788 576 glaeba.
840 499 918 577 quod
946 501 987 559 ita
1016 500 1169 579 occidunt,
1202 515 1306 558 occare

163 605 284 664 dictum.
334 605 410 664 vites
441 605 619 685 pampinari,
652 604 704 665 sed
732 623 748 665 a
776 609 889 668 sciente
917 601 1000 689 (nam
1027 607 1057 667 id
1086 624 1174 685 quam
1202 613 1306 684 putare

163 705 287 794 mains),
315 729 411 790 neque
439 713 469 772 iu
497 710 632 792 arbusto,
660 712 712 772 sed
740 714 770 773 in
798 715 882 774 vinea
901 715 978 775 fieri.
1023 715 1194 793 pampinare
1218 719 1264 772 est
1286 716 1332 772 e2

164 825 314 878 sarmento
336 818 415 878 coles
435 821 486 898 qui
504 821 566 879 nati
590 827 668 902 sunt,
687 820 723 880 de
742 822 779 880 iis
799 823 850 900 qni
868 820 1029 900 plurimum
1048 821 1153 901 valent,
1177 821 1305 898 primum

125 940 149 981 5
163 933 195 986 et
223 925 400 1000 secundnm,
427 944 486 987 non
510 944 671 1005 numquam
695 929 782 988 etiam
806 929 941 1009 tertium,
969 928 1152 1008 relinquere,
1175 927 1307 1006 reliquos

164 1033 340 1114 decerpere,
379 1052 416 1093 ne
453 1033 566 1094 relictis
602 1033 717 1094 colibus
755 1042 936 1095 sarmentum
973 1043 1101 1114 nequeat
1137 1037 1306 1095 ministrare

165 1159 280 1201 sucum.
330 1140 396 1201 ideo
427 1143 459 1200 in
491 1142 606 1201 vitiario
634 1143 773 1220 primitus
801 1162 869 1203 cum
897 1145 957 1203 erit
984 1145 1064 1225 vitis,
1097 1150 1157 1203 tota
1185 1143 1307 1202 resicari

165 1247 255 1329 solet,
288 1255 321 1308 ut
352 1249 483 1309 firmiore
516 1257 664 1310 sarmento
697 1269 712 1310 e
745 1259 826 1311 terra
858 1258 942 1311 exeat
974 1258 1062 1329 atque
1096 1253 1126 1310 in
1159 1248 1308 1329 pariendis
1395 1327 1396 1331 Ἰ

166 1354 281 1416 colibus
299 1357 377 1415 vires
395 1355 501 1417 habeat
519 1359 653 1417 maiores.
696 1358 866 1439 eiuucidnm
885 1359 964 1418 enirn
982 1365 1164 1419 sarmentum
1182 1359 1334 1436 propter3

119 1477 153 1516 o
166 1464 369 1524 infirmitatem
393 1463 493 1524 sterile
516 1482 613 1542 neque
637 1483 672 1525 ex
692 1483 723 1526 se
741 1473 841 1544 potest
860 1469 957 1526 eicere
975 1467 1081 1548 vitem,
1098 1483 1185 1544 quam
1204 1472 1309 1525 vocant

166 1573 313 1631 minorem
336 1569 492 1652 flagellum,
515 1573 657 1631 maiorem
676 1579 706 1632 et
724 1575 781 1632 iam
801 1573 880 1633 rende
899 1591 972 1633 uvae
991 1546 1155 1632 nascuntur
1175 1571 1309 1650 palmam.
1355 1602 1356 1606 =

166 1679 249 1756 prior
284 1676 382 1737 littera
414 1695 472 1736 nna
505 1684 615 1737 mutata
647 1678 792 1740 declinata
827 1699 843 1740 a
875 1682 955 1740 venti
986 1678 1070 1759 flatu,
1108 1678 1243 1739 similiter
1275 1697 1308 1738 ac

167 1782 316 1844 flabellum
343 1783 499 1861 flagellum.
545 1787 708 1865 posterior,
739 1786 816 1864 quod
846 1806 879 1846 ea
902 1788 971 1846 vitis
993 1788 1156 1846 inmittitur
1179 1785 1214 1845 ad
1238 1803 1309 1845 uvas

167 1889 333 1971 pariendaS,
356 1890 435 1950 dicta
458 1893 554 1970 primo
577 1892 695 1957 videtur
718 1912 733 1952 a
757 1893 900 1971 pariendo
923 1893 1078 1972 pariiema:
1101 1894 1169 1952 exin
1188 1894 1309 1952 mutatis

167 2084 379 2091 ,-.-----

239 2210 255 2258 3
275 2223 290 2259 e
309 2207 449 2260 sarmento
469 2206 543 2261 coles
562 2208 635 2262 Nou.
653 2224 680 2277 p.
700 2212 746 2274 93,
763 2213 801 2264 20

169 2388 380 2396 μ

241 2508 359 2578 lgleba
382 2509 409 2562 V
487 2515 502 2562 2
526 2508 675 2580 pampinari
692 2509 720 2564 A
801 2510 869 2564 3in
893 2509 1008 2565 arbusta
1027 2509 1053 2563 A
1135 2510 1311 2564 esarmenta
1335 2518 1338 2522 ’

170 2614 237 2654 corr.
257 2599 339 2652 -to
359 2599 386 2651 A
457 2604 475 2651 4
498 2598 591 2654 caules
609 2599 721 2653 Nouius
734 2616 764 2667 p.
784 2603 831 2667 93,
850 2603 886 2654 21
960 2599 994 2653 de
1017 2597 1052 2652 iis
1071 2599 1129 2653 PB
1147 2599 1182 2653 da
1200 2597 1244 2652 his
1263 2599 1310 2654 Ao

239 2687 336 2741 ualent
353 2688 475 2756 primum
493 2688 522 2741 et
540 2687 690 2742 secundum
706 2688 818 2742 Nouius
835 2688 933 2743 ualent
950 2689 1121 2742 aseeundum
1136 2687 1195 2743 AB
1214 2687 1312 2742 ualent

169 2777 205 2832 ad
224 2776 376 2830 secundum
400 2777 426 2829 V
495 2781 727 2844 finonnunquum
752 2776 779 2830 V
849 2770 998 2830 tuiciario
1018 2776 1046 2831 A
1118 2776 1231 2831 rasicuri
1249 2776 1311 2831 AB

166 2865 288 2920 resecari
313 2864 399 2918 VA2.
417 2865 509 2934 ‘Quod
531 2866 568 2918 ud
590 2858 950 2934 ueterent'orttopruptiam
968 2866 1100 2933 pertinet,
1123 2867 1178 2919 duo
1202 2867 1247 2919 iu'c
1265 2866 1313 2920 ad·

163 2971 276 3009 mouere
289 2970 434 3023 possumus
449 2977 455 3008 z
470 2952 608 3020 Resicari,
632 2958 656 3007 et
675 2952 775 3019 Sicori,
796 2954 846 3007 too
864 2953 954 3021 cupite
972 2957 1068 3006 coutru
1085 2953 1168 3006 huius
1186 2954 1313 3019 temporis

161 3045 389 3099 connsuetudinem
407 3045 439 3096 iu
457 3042 580 3110 antiquis
598 3042 677 3095 tibris
694 3042 826 3111 seriptum
845 3057 907 3108 esse,
926 3040 1150 3110 quemadmodum
1169 3041 1250 3095 etium
1263 3041 1313 3094 too

159 3135 230 3205 ipso
254 3133 285 3186 iu
304 3134 387 3199 libro,
411 3132 461 3186 ubi
478 3133 510 3185 de
527 3131 667 3185 occasionis
684 3131 828 3200 peueribus
845 3131 904 3201 opit
919 3152 926 3184 ε
939 3131 1001 3200 [50,
1021 3129 1056 3200 1]
1073 3128 1114 3184 Et
1131 3129 1313 3199 manipulum,

158 3229 200 3277 ut
225 3239 346 3292 queisque
368 3222 572 3288 subsicueiuut,
596 3225 620 3275 et
643 3221 732 3275 eodem
755 3221 826 3287 loeo,
855 3219 890 3274 Vt
912 3223 1090 3274 strumentum
1113 3218 1229 3273 medium
1251 3219 1312 3273 sub·

156 3312 255 3367 siccut
270 3355 276 3368 .
291 3329 356 3366 uum
375 3311 486 3365 eaodem
503 3310 637 3364 tutionem
654 3310 742 3375 tutet,
760 3311 833 3379 quod
851 3309 910 3378 (ubi
928 3310 960 3364 de
977 3309 1064 3363 mosiis
1077 3309 1177 3378 quitus
1190 3309 1313 3363 metiscu-

157 3407 217 3456 tur
235 3418 305 3455 runo
324 3402 392 3471 opit)
411 3401 443 3454 iu
456 3403 613 3470 peruetusto
631 3400 764 3466 scriptum
782 3403 820 3453 est
834 3420 840 3452 :
854 3399 893 3468 [I
905 3402 951 3465 10,
964 3399 1002 3468 2]
1021 3399 1062 3451 Iu
1079 3398 1248 3452 subsiciuam
1261 3414 1314 3453 esse

157 3492 284 3545 unciam
303 3491 366 3558 apri
380 3505 461 3558 :pru
483 3490 523 3543 Iu
542 3488 711 3544 subseciuum
725 3506 732 3544 :
747 3493 772 3541 et
790 3489 861 3556 quod
880 3487 1048 3542 contrarium
1066 3488 1200 3542 rutioueut
1217 3488 1315 3541 uouere

156 3581 296 3645 uidetur,
319 3577 508 3650 Sapeuuutur,
527 3594 581 3646 pro
606 3576 790 3646 Suqiuautur’
835 3576 974 3632 Victorius
996 3577 1028 3630 iu
1049 3576 1104 3644 niue
1126 3575 1226 3645 cupitis
1297 3579 1314 3627 8

155 3666 314 3738 pariendis
343 3667 450 3721 colibus
479 3666 579 3721 VBA²
606 3665 736 3736 pariendi
769 3664 900 3737 collibus,
914 3666 942 3718 A
973 3663 1115 3736 pariendis
1144 3663 1261 3719 collibus
1288 3680 1314 3717 m

227 3764 242 3811 9
261 3756 334 3812 uires
348 3756 452 3811 habeat
464 3756 538 3810 uires
554 3758 558 3826 1
574 3755 701 3824 maiores,
719 3756 765 3810 sed
777 3754 851 3808 uires
863 3755 1011 3824 posteriore
1025 3755 1081 3810 loeo
1094 3754 1229 3809 subducto
1242 3753 1315 3807 linea

156 3851 296 3903 motatum
311 3846 338 3898 A
406 3843 564 3900 eiunoidum
576 3845 666 3900 PAB
681 3843 837 3897 emucidnm
851 3843 1037 3898 oeuincidum
1046 3845 1188 3913 Aupeiius.
1218 3841 1315 3895 ‘Eion-

160 3937 267 3994 cidum
287 3936 361 3990 enim
380 3935 552 3989 sarmentum
569 3936 685 4004 propter
703 3931 896 3987 infirmitatem
911 3931 1015 3987 sterile.
1059 3932 1140 3986 Vetus
1154 3932 1239 3985 tectio.
1276 3931 1317 3984 Iu

159 4027 279 4081 excusis
303 4030 385 4078 auteu
408 4024 487 4078 tibris
516 4022 695 4078 Euincidum’
739 4022 876 4076 Victorius
949 4020 1118 4074 sarmentum
1148 4018 1222 4071 enim
1246 4035 1314 4073 corr.

160 4116 248 4171 enim
267 4116 436 4169 sarmentum
449 4113 477 4166 B
551 4119 583 4167 13
603 4130 658 4181 quo
677 4129 711 4166 ea
728 4112 794 4167 uitis
813 4108 975 4164 immittitur
990 4107 1048 4160 PB
1068 4122 1123 4174 quo
1142 4122 1175 4159 ea
1193 4104 1260 4158 uitis
1275 4104 1315 4157 in-

160 4206 284 4261 nititur
298 4206 325 4257 A
343 4204 371 4257 et
384 4200 451 4255 uitis
465 4219 498 4257 eo
513 4202 588 4269 quod
601 4201 738 4255 innitetur
751 4199 852 4269 oquod
866 4214 900 4252 ea
913 4195 981 4250 uitis
997 4193 1170 4248 submittitur
1180 4194 1316 4248 (insuetus

230 4301 263 4349 14
282 4294 345 4348 exin
359 4292 475 4346 mutatis
489 4290 592 4346 litteris
608 4291 637 4344 P
649 4287 829 4345 exinmutetis
843 4286 946 4343 litteris
956 4286 984 4341 A
998 4302 1033 4340 ex
1046 4282 1201 4338 immutatis
1214 4281 1316 4338 litteris

164 4385 232 4439 Bo,
271 4383 352 4437 ‘Exin
376 4381 493 4435 mutatis
515 4380 626 4435 litteris.
665 4381 715 4434 Itu
738 4396 771 4432 eu
788 4378 897 4446 iupeuio
916 4375 1072 4442 meudaui,
1091 4391 1188 4444 paruo
1206 4373 1317 4428 iiccutiu

169 4491 255 4529 usus:
275 4474 305 4527 iu
322 4472 442 4539 eueusis,
460 4470 502 4524 Ex
518 4468 686 4524 immutatis’
710 4467 848 4524 Victorius
