3000 5026
207 343 248 406 18
699 340 855 396 CATONIS

207 508 301 567 bonos
323 507 440 567 habeas.
478 517 586 567 terram
611 511 754 568 cariosam
774 526 843 566 rare
863 525 899 566 ne
919 524 994 584 ares
1017 523 1090 563 neve
1110 503 1255 581 plostrum
1275 520 1349 561 nere

205 633 298 691 peeus
321 615 452 693 inpellas.
494 618 520 675 si
543 618 584 674 ita
602 634 661 675 non
681 618 808 694 caveris,
832 633 891 693 quo
910 611 1068 692 inpuleris‚
1091 612 1202 670 trienni
1217 610 1350 668 lruotum

167 727 184 782 7
205 724 331 781 amittes
368 724 470 800 pecori
484 731 515 781 et
532 721 630 782 bubus
647 722 804 800 diligenter
818 721 1035 798 substernatur,
1054 716 1181 795 ungulae
1196 725 1349 776 curentur.

205 827 335 887 scabiem
358 832 460 906 peeori
483 838 513 888 et
536 831 676 889 iumentis
699 837 815 888 caveto:
838 827 867 887 id
892 846 928 886 ex
952 826 1027 886 lame
1051 834 1081 884 et
1104 827 1130 884 si
1153 823 1261 903 inpluit
1284 825 1351 884 lieri

205 936 288 996 solet.
330 955 420 1015 opera
447 939 544 996 omnia
573 946 687 996 mature
713 936 852 996 coniicias
881 935 952 994 laee.
994 952 1062 993 nam
1090 951 1138 992 res
1166 933 1276 990 rustica
1303 933 1350 1010 *sic
1378 944 1391 982 ⁵

206 1052 265 1122 est,
293 1046 320 1102 si
342 1062 432 1103 uuam
454 1062 517 1103 rem
546 1062 613 1103 sero
637 1043 756 1122 leceris,
785 1044 883 1101 omnia
911 1059 1000 1119 opera
1033 1059 1102 1100 sero
1135 1040 1233 1098 saeie's.
1275 1045 1352 1097 stra-

206 1160 304 1210 menta
328 1153 354 1210 si
377 1151 515 1230 deerunt,
545 1151 679 1209 frondem
701 1149 838 1226 iligneam
863 1148 965 1227 legito,
993 1165 1057 1206 eam
1084 1145 1266 1206 substernito
1290 1147 1351 1203 ori·

167 1256 263 1316 8bus
298 1236 467 1336 bubusque.
509 1256 693 1316 stercilinum
722 1273 860 1333 maguum
893 1254 979 1313 stude
1013 1262 1046 1313 ut
1074 1251 1190 1312 habeas.
1233 1259 1351 1310 stereus

207 1362 310 1422 sedulo
334 1382 489 1423 oonserra:
513 1382 581 1423 eum
605 1362 782 1442 exportatis,
805 1370 931 1440 purgato
950 1369 980 1420 et
1003 1362 1200 1420 conminuito:
1224 1376 1278 1436 per
1301 1377 1352 1418 au-

207 1477 343 1530 tumnum
373 1470 497 1529 erehito.
535 1473 648 1530 eireum
671 1470 750 1529 oleas
774 1471 969 1529 autumnitate
988 1467 1161 1546 ablaqueato
1180 1475 1210 1525 et
1234 1475 1353 1525 stereus
1368 1479 1392 1516 ιο

206 1575 313 1635 addito.
352 1576 485 1636 frondem
504 1577 690 1655 populneam,
713 1576 855 1654 ulmeam,
879 1594 1040 1655 querneam
1064 1574 1177 1634 caedito
1201 1591 1255 1650 per
1278 1570 1372 1631 tem·‘

206 1701 277 1759 pus:
306 1702 370 1743 eam
393 1684 513 1744 condito
536 1702 595 1744 non
619 1684 799 1763 peraridum,
827 1681 968 1760 pabulum
992 1681 1105 1740 oribus.
1142 1683 1212 1739 item
1233 1679 1353 1738 laeuum

206 1789 344 1869 cordum,
368 1791 543 1851 sicilimenta
563 1791 598 1850 de
618 1799 716 1870 prato,
740 1809 773 1849 ea
797 1790 877 1849 arida
897 1788 1024 1848 condito.
1062 1795 1129 1865 post
1152 1785 1279 1844 imbrem
1303 1805 1353 1845 au·

209 1903 343 1955 tumnum
368 1900 516 1978 rapinam,
539 1897 681 1976 pabulum
703 1897 898 1976 lupinumque
923 1896 1022 1954 serito.

135 2000 170 2055 Vl
294 2004 406 2081 Agrum
425 2006 534 2084 quibus
555 2004 629 2065 locis
643 2022 795 2083 eonseras,
815 2006 857 2063 sie
877 2002 1026 2062 observari
1047 2008 1172 2078 oportet.
1211 2001 1264 2061 ubi
1283 2020 1355 2080 ager
1369 2021 1392 2060 15

207 2126 326 2170 erassus
354 2121 384 2170 et
412 2112 506 2173 laetus
534 2123 580 2172 est
608 2114 672 2171 sine
700 2109 870 2190 arboribuS,
899 2127 966 2168 eum
995 2126 1097 2186 agrum
1125 2108 1354 2168 frumentarium

207 2234 273 2274 esse
289 2227 415 2295 oportet.
452 2219 530 2278 idem
554 2237 623 2296 ager
643 2221 668 2277 si
687 2218 848 2277 nebulosus
868 2225 922 2295 est,
947 2235 1025 2295 rapa,
1049 2215 1204 2294 raphanos,
1217 2215 1355 2309 plilium,

206 2325 357 2403 panicum,
381 2324 410 2383 id
434 2327 559 2384 maxime
583 2328 643 2384 seri
667 2333 791 2402 opertet.
829 2327 860 2382 in
879 2342 948 2400 agro
973 2341 1073 2382 erasse
1097 2332 1127 2381 et
1150 2322 1233 2381 caldo
1258 2323 1354 2382 oleam

207 2429 394 2509 conditivam7
418 2430 533 2490 radium
547 2434 698 2511 maiorem,
722 2430 915 2509 salientium,
939 2433 1072 2508 ercitum,
1095 2447 1224 2507 poseam,
1243 2431 1355 2506 sergia-

207 2554 288 2616 num,
312 2535 530 2618 eolminianam,
559 2538 731 2617 rubiconem,
760 2556 849 2617 quam
873 2555 974 2597 earum
999 2539 1029 2595 iu
1052 2539 1089 2596 iis
1112 2536 1186 2595 loeis
1210 2538 1353 2612 optimam
1367 2557 1392 2594 er

280 2750 293 2797 1
312 2745 418 2797 terram
436 2744 574 2800 cariosam
591 2762 613 2799 e.
629 2750 672 2800 34.
691 2750 729 2800 37
749 2746 825 2799 Plio.
840 2750 884 2813 17,
904 2748 939 2798 34
1021 2750 1037 2798 5
1056 2759 1141 2812 opera
1159 2741 1255 2797 omnia
1276 2743 1352 2796 Prin.

208 2837 252 2897 18,
266 2837 301 2884 44
366 2831 699 2890 1ooireumolease.29
720 2834 952 2900 Pun.1r,127.
995 2838 1026 2884 11
1041 2831 1168 2903 frondpm
1181 2832 1353 2900 populneam

208 2920 285 2976 Pliu.
302 2927 345 2988 16,
360 2927 398 2977 92
473 2928 505 2976 15
519 2922 626 2993 Agrum
644 2924 744 2991 quibus
762 2923 832 2978 loeis
851 2940 979 2978 conseras
1001 2922 1080 2975 Vorr.
1096 2923 1225 2990 123sqq.
1304 2921 1352 2974 ubi

206 3026 272 3078 ager
290 3027 401 3066 crassus
420 3012 494 3069 Pliu.
514 3019 559 3079 18,
579 3018 633 3068 163
707 3018 740 3067 18
758 3014 787 3067 in
805 3030 873 3082 agro
893 3030 986 3067 erasse
1006 3013 1081 3066 Plio.
1098 3016 1142 3077 15,
1154 3015 1192 3065 20

279 3191 449 3244 leuriosam
468 3207 536 3245 eurr.
557 3190 695 3242 cariosam
714 3191 741 3241 A
813 3191 969 3258 plaustrum
994 3189 1083 3242 VAR
1155 3187 1310 3257 2inpellao
1325 3188 1352 3241 A

206 3276 335 3345 impellas
361 3278 417 3331 VR
517 3278 651 3348 inpuleris
670 3278 697 3329 A
716 3277 860 3345 impuleris
885 3279 932 3332 Vb
951 3278 1140 3346 impullerise
1237 3277 1350 3332 triennii

208 3363 300 3418 PAR
317 3367 437 3420 triennio
456 3385 473 3420 o
545 3372 562 3417 4
577 3364 672 3434 pecori
692 3368 721 3419 et
739 3364 871 3420 iumentis
892 3367 947 3419 VR
961 3367 1072 3436 peeeori
1089 3367 1221 3421 iumentis
1235 3368 1263 3420 A
1283 3382 1350 3420 corr.

190 3452 318 3520 ‹peeeori
337 3453 525 3523 iumentisque
544 3455 585 3508 Α2
683 3454 799 3524 impluit
823 3455 878 3509 VR
895 3455 999 3525 implut
1017 3459 1044 3510 A
1144 3456 1350 3510 beonfitiaaA

295 3561 338 3597 res
358 3543 381 3611 si
400 3545 505 3597 rustica
523 3543 563 3596 sie
576 3544 604 3596 A
676 3549 693 3596 8
712 3543 883 3598 stercilinum
902 3547 929 3598 A
949 3544 1132 3599 stercilinium
1152 3545 1212 3597 PR
1234 3544 1350 3612 sterqui-

207 3629 341 3684 liniume
432 3638 447 3685 9
471 3649 534 3685 eum
557 3634 748 3700 exportaueris
772 3633 896 3702 spargite
914 3633 1059 3688 quutdus
1149 3633 1321 3688 conminuito
1339 3631 1392 3699 Γ

208 3718 360 3771 cominuito
375 3718 426 3773 Ab
449 3719 590 3774 (remunito
610 3721 637 3773 V
652 3720 780 3790 quinuito
799 3739 814 3776 o
898 3739 948 3790 per
966 3725 1131 3776 autumnum
1150 3724 1187 3776 bo
1204 3740 1255 3791 per
1273 3724 1351 3777 autu·

206 3824 274 3859 num
287 3809 306 3873 s
315 3825 364 3875 per
379 3811 512 3862 autunum
528 3811 554 3862 A
568 3826 619 3879 per
633 3812 803 3865 auetunnum
824 3812 850 3863 V
914 3817 946 3865 10
961 3812 1037 3866 ehito
1052 3814 1078 3866 A
1098 3830 1167 3866 corr.
1184 3812 1297 3867 euehito
1312 3811 1351 3866 A’

254 3901 299 3949 '1⁴2
313 3896 447 3965 pabulum
467 3930 499 3937 —
520 3899 599 3952 arido
616 3901 647 3953 iu
665 3894 750 3970 marg.
766 3901 793 3953 A
866 3901 961 3973 ignum
980 3903 996 3954 b
1014 3902 1110 3955 fenum
1126 3902 1152 3954 A
1173 3902 1286 3956 foenum
1311 3902 1352 3954 Ve

279 3991 312 4039 13
332 3988 467 4041 autumni]
487 3987 557 4042 Abo
576 3991 681 4042 autumi
699 3990 718 4056 f
732 3993 874 4043 auetunm‘r
894 3991 922 4042 P
940 3991 1106 4044 auotunnio

279 4081 311 4128 15
336 4076 368 4130 R.
394 4076 459 4153 Vm
481 4080 587 4146 Agrum
607 4077 708 4146 quibus
732 4077 800 4131 loeis
821 4096 948 4132 conseras
968 4078 1050 4132 APb
1075 4079 1181 4146 Quibus
1199 4080 1268 4135 loeis
1289 4098 1351 4135 eon·

207 4162 261 4215 seri
280 4181 379 4232 agrum
398 4167 538 4233 oporteto
612 4170 644 4218 18
663 4166 794 4234 panicum
812 4167 870 4220 VR
888 4166 1027 4237 panitium
1041 4168 1068 4220 A
1140 4168 1244 4237 erasse]
1261 4187 1351 4224 earsso

206 4253 233 4302 A
324 4251 404 4305 ealdo
425 4252 518 4306 PAR
536 4254 626 4308 calido
643 4273 660 4308 o
750 4254 840 4310 oleam
860 4256 1054 4311 conditoneam
1080 4257 1167 4312 Varro
1185 4257 1258 4312 124

209 4342 240 4389 19
261 4337 438 4391 sallentinam
460 4340 542 4406 PAf
555 4345 720 4399 salentinum
739 4345 795 4398 beu
867 4345 984 4399 oreitem
1000 4345 1090 4400 PAR
1108 4345 1281 4401 orohitemv

207 4432 241 4479 20
260 4425 418 4480 colminiam
444 4429 533 4482 Varro
