3000 5026
424 306 554 363 anaim
572 306 811 364 RVSTICARVM
829 307 896 362 LIB.
919 307 956 362 Ill
977 302 1053 359 6-7
1252 305 1318 370 285

171 473 312 534 fenestris
337 475 494 552 punieanis
523 480 574 534 aut
601 472 756 534 latioribus
784 473 948 535 reticulatis
977 474 1142 552 utrimque,
1172 479 1205 532 ut
1232 471 1316 537 locus

170 582 268 641 omnis
291 581 331 642 sit
353 580 502 662 inlustris,
526 599 598 641 neve
622 598 698 660 quaa
722 598 845 659 serpens
868 579 977 641 aliutve
1000 579 1071 658 quid
1095 577 1204 640 animal
1227 578 1315 639 male·

170 687 261 748 lirum
284 690 408 748 introire
433 696 530 767 queat.
573 688 755 748 intrinsecus
775 706 862 766 quam
885 685 1035 748 levissimo
1059 692 1237 746 marmorato
1260 687 1315 746 toti

169 797 299 875 parietes
327 813 361 855 ae
389 812 522 855 camarae
550 793 725 855 oblinuntur
753 803 783 855 et
811 795 997 855 extrinsecus
1024 796 1137 855 cirrum
1162 792 1315 872 fenestras,
1337 810 1339 817 ¹

142 919 208 961 ane
241 919 308 962 mus
340 909 392 962 aut
420 901 530 962 lacerta
559 920 615 981 qua
644 900 787 980 adrepere
815 901 852 960 ad
881 900 1060 961 columbaria
1088 901 1191 979 possit.
1242 898 1316 958 nihil

170 1010 249 1069 enim
280 1008 413 1069 timidius
445 1007 589 1069 columba.
640 1007 764 1086 singulis
796 1007 917 1086 paribus
946 1006 1128 1068 columbaria
1159 1007 1234 1066 liunt
1262 1009 1341 1066 ru·4

170 1114 262 1176 tunda
286 1117 317 1175 in
341 1116 476 1176 ordinem
499 1114 619 1195 erebra,
647 1115 768 1175 ordines
792 1115 1024 1194 quamplurimi
1047 1122 1174 1193 possunt
1197 1132 1213 1172 a
1237 1121 1316 1172 terra

171 1241 267 1302 usque
291 1222 326 1282 ad
351 1239 506 1282 cameram.
544 1220 723 1282 columbaria
748 1219 862 1299 singula
887 1238 953 1280 esse
976 1228 1095 1300 oportet
1118 1229 1151 1281 ut
1175 1238 1208 1279 os
1226 1218 1315 1279 habe-

170 1341 230 1409 ant,
249 1348 308 1409 quo
332 1328 419 1389 modo
441 1330 566 1389 introire
585 1335 614 1388 et
633 1330 714 1388 exire
733 1329 857 1408 possint,
881 1330 962 1388 intus
981 1336 1133 1388 ternarum
1152 1326 1314 1405 palmarum

128 1451 157 1492 ro
171 1457 207 1499 ex
230 1435 369 1497 omnibus
392 1434 536 1514 partibus.
579 1433 634 1496 sub
658 1436 777 1496 ordines
801 1434 933 1513 singulos
956 1434 1072 1495 tabulae
1093 1435 1177 1495 datae
1201 1442 1235 1494 ut
1256 1436 1316 1493 sint

169 1542 322 1623 bipalmos,
346 1561 404 1621 quo
428 1550 550 1603 utantur
574 1540 718 1602 vestibulo
742 1560 776 1601 ao
800 1541 952 1620 prodeant.
984 1560 1089 1620 aquam
1111 1560 1176 1602 esse
1195 1546 1342 1618 oportet5

170 1669 229 1731 quo
261 1649 378 1729 influat,
407 1648 485 1709 unde
513 1656 543 1708 et
570 1647 672 1709 hibere
699 1657 730 1709 et
757 1647 809 1708 ubi
837 1648 928 1709 lavari
954 1651 1077 1727 possint.
1128 1648 1312 1727 perorandae

169 1759 249 1818 enim
277 1765 349 1817 sunt
373 1756 427 1816 hae
450 1755 595 1816 volucres.
641 1757 741 1836 itaque
764 1763 913 1834 pastorem
937 1755 1141 1817 columbarum
1164 1763 1316 1835 quotquot

168 1862 323 1924 mensibus
352 1862 458 1924 erebro
477 1843 604 1943 eportet
631 1881 782 1924 everrere:
810 1871 855 1924 est
882 1865 960 1924 enim
980 1863 1058 1943 quod
1083 1882 1152 1925 eum
1175 1865 1314 1942 inquinat

126 1970 268 2032 1⁵looum
301 1971 468 2050 adpositum
500 1969 536 2030 ad
570 1972 633 2048 agri
663 1969 823 2050 culturam,
855 1971 896 2030 ita
928 1977 962 2030 ut
989 1970 1046 2030 hoe
1074 1973 1219 2050 optimum
1247 1987 1313 2038 esse

168 2079 348 2156 scripserint
364 2076 489 2157 aliquot:
509 2079 570 2138 sive
587 2095 662 2156 quae
677 2076 812 2138 columba
827 2076 897 2156 quid
914 2076 1079 2157 offenderit,
1098 2086 1131 2138 ut
1145 2077 1315 2156 medeatur3

169 2187 253 2264 siqua
277 2185 409 2263 perierit,
433 2192 466 2245 ut
489 2185 643 2265 elleratur3
667 2185 744 2263 siqui
764 2183 837 2262 pulli
855 2183 956 2245 idonei
977 2185 1099 2245 suntad
1120 2184 1315 2263 vendendum,

168 2299 294 2370 promat.
340 2293 411 2351 item
438 2309 512 2369 quae
536 2291 612 2352 letae
636 2298 719 2370 sunt,
747 2289 805 2367 [in]
831 2298 946 2351 certum
969 2290 1067 2353 locum
1092 2303 1125 2353 ut
1149 2291 1340 2352 disclusumt

169 2399 206 2459 ab
235 2397 301 2458 aliis
329 2406 393 2458 rete
417 2396 536 2477 habeat,
564 2416 622 2477 quo
647 2396 878 2478 transferantur,
908 2417 1007 2478 equo
1031 2399 1110 2460 foras
1133 2418 1169 2461 ex
1192 2400 1316 2477 periste-

127 2525 156 2565 20
170 2523 245 2566 rone
283 2523 407 2566 evooare
443 2506 558 2582 possint
594 2503 803 2584 matreslquel
863 2505 942 2585 quod
980 2507 1092 2567 iaciunt
1128 2507 1243 2568 duabus
1280 2507 1317 2568 de

262 2747 426 2818 lutrinque
451 2747 507 2803 VB
525 2749 673 2817 utrumque
691 2746 720 2801 A
808 2749 931 2803 iomini
949 2749 977 2804 A
995 2767 1064 2805 corr.
1085 2749 1175 2806 omnis
1192 2750 1234 2806 A²
1314 2775 1317 2779 ⁷

169 2837 298 2893 inlustris
315 2839 343 2892 A
365 2837 481 2892 illustris
503 2836 559 2891 VB
630 2853 700 2892 neue
724 2852 777 2904 que
801 2852 915 2904 serpens
933 2837 962 2890 P
979 2853 1050 2891 neue
1070 2855 1140 2906 quae
1159 2857 1271 2909 serpens
1290 2841 1318 2893 B

171 2943 244 2982 neue
269 2943 382 2996 serpens
400 2926 429 2981 A
448 2943 483 2980 ne
506 2926 553 2981 uel
576 2941 688 2995 serpens
706 2941 732 2978 m
750 2939 841 2992 neque
861 2942 974 2994 serpens
992 2943 1008 2979 o
1082 2925 1188 2980 aliutne
1207 2926 1274 2994 quid
1293 2929 1321 2981 P

171 3015 286 3070 aliudue
305 3015 373 3083 quid
391 3015 453 3071 AB
471 3013 584 3070 aliudue
603 3015 711 3083 quoda
783 3013 948 3068 malefitium
966 3012 994 3067 A
1012 3029 1081 3068 corr.
1101 3012 1257 3069 maleficum
1275 3015 1318 3070 Ἀ2

226 3111 391 3159 tramarae
413 3102 440 3158 V
455 3119 582 3158 camerae
601 3104 692 3157 ABm
746 3102 930 3157 exstrinsecus
949 3103 977 3157 A
1030 3103 1189 3157 blacernis
1203 3103 1231 3157 A
1249 3120 1317 3159 corr.

173 3194 282 3248 lacerta
299 3192 340 3247 Α2
429 3192 516 3247 nichil
534 3193 561 3245 A
653 3200 668 3246 6
690 3191 813 3246 rutunda
836 3193 865 3246 in
888 3190 1014 3246 ordinem
1034 3191 1126 3245 PAB
1148 3194 1269 3248 rotunda
1289 3195 1318 3248 in

174 3282 301 3338 ordinet>
357 3289 528 3336 Senmeram
543 3281 633 3335 PAB
648 3297 818 3336 camaramu
872 3279 996 3335 habeant
1009 3278 1101 3334 A‘mo
1116 3279 1319 3337 habeatPAB

219 3377 236 3425 9
251 3371 392 3440 quomodo
406 3370 521 3426 introire
538 3369 629 3424 PAB
643 3387 697 3439 quo
713 3369 854 3424 introiret>
899 3369 1009 3440 possint
1023 3367 1114 3423 A¹mo
1129 3371 1218 3439 possit
1228 3371 1320 3426 PAB

227 3463 370 3515 ternarum
388 3459 546 3528 palmarum
564 3458 652 3512 VAB
666 3460 809 3514 ternorum
822 3458 980 3528 palmorum
995 3459 1150 3513 Ianuarius.
1175 3459 1227 3514 ‘Ia
1245 3461 1317 3514 anti·

176 3549 236 3617 quis
250 3550 422 3618 uituperare,
437 3547 767 3618 Ternarnmpalmarum'
783 3547 921 3602 Victorias
971 3553 1003 3601 11
1020 3546 1158 3602 uestibulo
1167 3548 1216 3603 Bo
1226 3549 1318 3603 nestu-

176 3637 241 3692 bnlo
262 3638 290 3690 P
307 3634 447 3691 uestibnla
465 3635 493 3689 A
511 3652 580 3690 corr.
600 3667 633 3675 —
652 3634 680 3689 lo
693 3633 734 3689 A²
805 3635 944 3704 prodeant
962 3635 1019 3689 VB
1037 3635 1176 3704 prodeunt
1189 3637 1248 3691 Am

176 3725 291 3792 fortasse
310 3740 384 3794 aqua
401 3741 462 3779 esse
482 3724 668 3793 oportetque
689 3723 788 3776 influat
855 3739 910 3792 quo
929 3721 1030 3778 influat
1052 3725 1109 3779 VB
1128 3726 1202 3794 quod
1221 3726 1319 3781 influat

176 3813 234 3869 Am
289 3820 322 3867 13
342 3812 481 3883 quotquot
497 3811 546 3866 Bo
566 3811 714 3880 quodquod
731 3811 789 3866 PA
803 3827 872 3866 corr.
891 3813 967 3881 quod
981 3811 1049 3881 quid
1061 3812 1103 3866 Aa
1159 3821 1192 3869 14
1207 3831 1319 3870 euerera

176 3903 203 3958 A
216 3919 286 3958 corr.
307 3918 433 3957 euerrero
452 3900 493 3955 A'
547 3905 581 3953 15
602 3901 761 3970 appositum
779 3899 841 3954 A'o
860 3903 1020 3970 oppositum
1038 3904 1128 3957 PAB
1184 3911 1216 3958 16
1235 3904 1319 3975 serip-

176 3994 273 4047 serunt
300 3990 415 4059 aliquod
441 3988 530 4042 PAR
559 3988 719 4058 scripserint
747 3987 834 4057 aliqui
862 4005 878 4042 v
969 3997 1002 4044 18
1030 3988 1099 4043 item
1127 4009 1199 4059 quae
1226 3994 1319 4047 foetae

174 4081 242 4136 sunt
266 4079 319 4135 VB
336 4079 437 4146 itemq;
462 4080 525 4132 sunt
543 4077 600 4132 fate
619 4080 695 4145 sunt,
717 4079 763 4133 sed
781 4079 846 4132 sunt
859 4079 955 4146 priore
972 4080 1028 4132 loeo
1046 4079 1161 4132 deletum
1178 4080 1206 4133 A
1277 4081 1318 4134 in·

175 4171 284 4224 eertum
303 4169 345 4222 dia
362 4168 493 4236 saeptum
510 4167 542 4222 iu
558 4166 587 4219 B
601 4209 608 4223 .
622 4165 651 4221 in
671 4169 767 4222 demoti
785 4167 907 4236 Scoliper
980 4173 1012 4220 19
1032 4167 1136 4221 habeat
1157 4167 1212 4222 VB
1235 4167 1319 4223 haba·

174 4260 227 4314 ant
244 4256 304 4313 Am
376 4272 431 4323 quo
453 4256 690 4312 transferantura
714 4273 771 4325 quo
793 4255 974 4310 transferatur
994 4255 1054 4309 PB
1077 4257 1150 4323 quod
1169 4258 1319 4314 transfera-

172 4349 222 4404 tur
240 4349 268 4401 A
351 4359 439 4411 equo
459 4344 550 4399 PAB
569 4347 598 4400 et
616 4361 706 4412 queo
787 4344 958 4414 peristerone
981 4343 1161 4414 Vparistono
1180 4345 1240 4402 AB

172 4443 208 4493 20
230 4436 391 4501 matresque
409 4432 483 4501 quod
502 4434 592 4488 PAB
611 4438 713 4489 matres
733 4433 807 4502 quod
826 4432 974 4502 quideme
1045 4433 1149 4490 fatiunt
1165 4436 1195 4493 A
