3000 5026
156 198 199 262 96
648 197 802 252 CATONIS

156 382 274 444 purges.
316 383 402 445 quam
428 367 596 426 tenerrimis
619 363 734 444 herbis,
762 370 793 425 et
816 366 954 444 quotiens
983 382 1058 444 opus
1081 367 1152 445 erit,
1179 382 1299 444 purges.

157 491 210 550 per
234 480 374 532 aestatem
398 473 437 531 ita
461 475 508 531 uti
530 471 641 531 dietum
661 479 707 531 est
734 471 799 530 lieri
823 479 953 551 oportet,
977 478 1006 530 et
1021 469 1072 530 ubi
1087 488 1189 531 semen
1204 479 1300 532 satum

158 581 226 658 siet,
250 580 422 639 stramentis
446 579 571 658 operiri3
595 577 647 637 ubi
671 595 792 655 germen
816 596 938 638 nascere
962 579 1102 657 eoeperit,
1125 586 1190 638 tum
1214 578 1300 639 demi,

75 686 140 742 dbll
250 699 280 758 Q.
299 699 330 745 Α.
349 699 383 744 Μ.
408 683 507 744 Manlii
522 692 770 744 monstraverunt.
808 686 836 744 in
853 684 957 744 diebus
976 700 1061 766 xxx,
1076 684 1186 765 quibus
1201 687 1302 746 vinum

157 791 278 871 legeris,
303 791 479 871 aliquotiens
503 791 591 851 faoito
616 809 719 869 saepae
744 792 858 869 virgeas
882 791 993 852 ulmeas
1017 792 1127 872 aridem,
1153 794 1183 853 ln
1208 811 1301 853 asser·
1316 816 1328 856 e
1345 822 1368 857 .·

158 897 224 959 rulo
248 897 378 978 alltgau,
402 898 494 958 eabns
517 897 608 959 latera
632 897 718 957 doliis
737 899 918 958 inlrInseons
934 917 1028 978 nsque
1043 899 1118 959 bene
1133 899 1303 980 perfricato,

158 1024 194 1065 ne
219 1006 282 1064 faex
306 1006 336 1063 in
362 1004 506 1064 lateribus
528 1004 727 1064 adhaerescat.

61 1114 138 1170 tLlll
247 1111 353 1172 Vinum
378 1097 523 1171 faecatum
547 1113 589 1170 sie
614 1111 710 1170 faoito.
748 1111 866 1170 fisoInas
885 1110 1009 1171 olearias
1024 1114 1211 1192 campaninus
1230 1114 1302 1175 duas

158 1219 224 1279 illae
248 1221 292 1279 rei
314 1218 429 1279 habeto.
467 1236 516 1278 eas
540 1218 631 1301 saeris*
653 1216 764 1296 inpleto
789 1217 845 1277 sub
868 1217 1043 1297 prelumque
1063 1219 1182 1281 subdito
1207 1204 1302 1301 expri-

159 1329 299 1406 miloque.
1212 1380 1225 1396 ,
1275 1354 1278 1360 “
1314 1352 1368 1389 ε

63 1434 140 1491 univ
247 1432 353 1493 Vinum
369 1432 553 1511 emptoribus
569 1434 632 1492 siue
648 1431 781 1492 molestia
796 1450 854 1511 quo
870 1432 957 1493 modo
971 1433 1150 1496 admetiaris.
1187 1435 1301 1497 labrum

158 1541 285 1602 rulleare
313 1538 379 1600 Illae
410 1541 454 1599 rei
482 1539 577 1598 farito.
624 1538 653 1599 id
682 1538 789 1598 lrabeat
821 1539 855 1598 nd
886 1557 1034 1600 summum
1063 1545 1299 1624 ansas1111,nt‘

159 1647 313 1707 transferri
336 1648 476 1725 possitur.
513 1646 543 1705 id
568 1648 658 1705 lmum
683 1646 869 1723 pertundito:
895 1665 928 1705 ea
953 1646 1081 1707 fistulam
1101 1647 1235 1730 subdito,
1259 1651 1301 1710 nli

158 1755 291 1833 opturari
319 1762 399 1814 recte
423 1755 531 1832 possit:
564 1762 594 1812 et
622 1752 656 1812 ad
682 1770 843 1832 summum,
877 1771 934 1830 qua
963 1754 1014 1812 bui
1043 1742 1171 1815 rulleum
1197 1757 1300 1834 capiet,

229 1951 246 1998 4
265 1944 294 1998 in
313 1943 413 1998 diebus
433 1941 508 1996 xxx
528 1959 549 1998 c.
569 1947 608 1998 ee
680 1946 696 1994 s
716 1941 816 1995 vinum
836 1940 977 1995 faecatum
1000 1941 1074 1997 suu
1094 1929 1139 2008 10²,
1158 1949 1196 1998 aa

160 2075 211 2082 1—-

249 2148 261 2195 1
292 2141 393 2210 purget
416 2155 485 2194 corr.
510 2155 551 2192 -es
574 2139 670 2206 prlore
697 2139 753 2191 loco
776 2138 802 2189 A
913 2153 996 2205 quum
1024 2138 1182 2194 tenerrimis
1210 2140 1303 2196 herbis

158 2230 220 2284 AR
232 2230 314 2296 Vter,
341 2246 426 2299 qnam
445 2226 603 2282 tenerrimis
627 2228 654 2279 V
759 2233 774 2280 2
794 2225 835 2280 ita
854 2226 896 2280 uti
916 2227 1021 2281 dictum
1040 2228 1114 2282 esto
1138 2228 1179 2284 ita
1198 2229 1303 2285 dietum

159 2320 202 2372 est
222 2318 323 2373 PAoc
340 2319 383 2372 uti
402 2317 508 2372 dictum
528 2319 569 2372 est
586 2318 604 2384 s
685 2323 700 2370 3
720 2333 834 2386 germen
853 2333 966 2371 nascere
986 2316 1075 2370 PAR
1093 2334 1210 2386 gramen
1228 2319 1304 2374 nasei

157 2425 174 2461 o
264 2407 389 2475 eoeperit
412 2407 438 2459 V
454 2406 560 2475 ceperit
578 2408 605 2460 A
625 2406 732 2479 opperit
750 2408 785 2460 be
888 2407 947 2459 tum
967 2406 1041 2461 demi
1066 2405 1121 2460 VR
1148 2408 1210 2460 tum
1230 2407 1304 2462 demi

159 2521 193 2584 ‚q
209 2530 233 2570 a,
246 2503 277 2566 Id
296 2515 393 2567 manlii
412 2514 638 2567 monstrauemnt
656 2513 682 2566 A

229 2626 246 2674 4
270 2621 301 2674 R.
327 2620 410 2674 CLXI
434 2620 475 2674 De
498 2621 588 2690 scopis
612 2619 714 2689 uir-geis
734 2619 816 2674 APb
845 2618 920 2685 Quae
941 2618 1060 2674 Memius
1078 2620 1107 2674 et
1125 2621 1161 2677 M.
1182 2622 1304 2678 Manlius

160 2728 193 2783 de
212 2726 278 2782 uino
297 2726 468 2796 emptoribus
487 2726 664 2782 admetiendo
683 2727 935 2782 monstruuerinto
1022 2711 1053 2791 Q
1073 2733 1098 2781 ri.
1115 2714 1154 2783 II.
1169 2728 1303 2798 (Quemb

158 2822 194 2872 ὦ.
214 2819 242 2886 s)
261 2816 360 2871 manlii
379 2818 605 2873 monstmuernnt
625 2816 692 2883 PR,
711 2807 760 2872 boe
779 2818 836 2871 loeo
855 2833 903 2872 om.
916 2817 951 2885 A,
972 2813 1051 2880 Quod
1071 2819 1165 2870 aulem
1185 2817 1306 2877 Memius
1322 2851 1335 2866 -

158 2944 187 2996 et
205 2942 241 2996 M.
260 2930 661 2998 Manlius‘monstranernntn
771 2947 786 2995 t
805 2942 945 2996 ussereulo
970 2941 1014 2994 Vb
1038 2918 1164 2996 asireulo
1183 2943 1211 2996 A
1230 2959 1303 2999 user-

159 3032 222 3085 eulo
241 3032 278 3098 ef
359 3032 501 3102 deligato
520 3033 548 3085 A
638 3029 818 3083 instrinsecus
837 3030 889 3096 Af
968 3036 1038 3083 lue
1057 3028 1121 3084 faex
1144 3030 1170 3082 V
1188 3031 1255 3085 nefa
1273 3048 1323 3103 ex:

159 3119 228 3186 Aes
241 3136 276 3173 ne
295 3120 341 3173 fex
360 3121 376 3174 b
448 3121 477 3174 in
497 3125 560 3175 oute
577 3116 714 3172 luteribus
732 3133 782 3173 om.
802 3118 838 3183 A,
857 3119 919 3172 odd.
946 3118 1001 3172 VR

230 3231 246 3280 8
266 3227 297 3280 R.
318 3225 413 3280 CLXII
431 3226 557 3280 Deunnm
581 3222 686 3277 fuctum
705 3222 810 3293 ferato,
836 3225 882 3278 aed
900 3225 983 3278 deleto
1007 3224 1111 3280 factum
1130 3225 1157 3279 A
1176 3227 1219 3282 De
1238 3229 1311 3284 nine

159 3315 269 3370 faecato
294 3315 339 3370 Vb
429 3314 569 3369 faecatum
594 3312 637 3367 Ve
653 3312 776 3368 feretum
796 3314 811 3369 b
837 3312 929 3368 secato
949 3313 976 3367 A
994 3330 1062 3368 corr.
1083 3316 1155 3368 tum
1173 3315 1216 3369 Aa

159 3411 176 3458 8
194 3404 305 3459 fiscinas
322 3405 348 3458 V
353 3404 380 3458 R
398 3401 519 3457 fuscinae
538 3402 565 3455 A
638 3408 653 3456 9
672 3401 722 3476 ille
740 3403 781 3457 rei
802 3403 847 3458 Pe
864 3401 912 3457 ille
931 3402 971 3456 rei
990 3403 1039 3457 Ab
1063 3420 1131 3461 corr.
1151 3404 1195 3460 illi
1214 3407 1256 3460 rei
1275 3426 1299 3461 u:

159 3494 270 3549 videtur
288 3493 329 3546 Α2
347 3491 424 3545 illius
442 3489 482 3544 rei
501 3507 517 3544 o
598 3490 685 3546 faecis
711 3492 753 3546 Ve
771 3492 839 3547 feris
858 3492 906 3547 Ab
993 3493 1100 3562 inpleto
1119 3495 1146 3547 A
1164 3496 1258 3564 ipleto
1282 3497 1295 3549 I

161 3582 278 3651 impleto
297 3581 325 3633 R
396 3579 577 3648 praelumque
602 3580 628 3632 V

232 3693 263 3741 11
284 3687 316 3739 R.
336 3685 446 3741 CLXIII
460 3686 562 3740 Vinum
576 3687 748 3757 emptoribus
767 3688 907 3756 quomodo
922 3689 987 3756 (qud
999 3688 1036 3757 A)
1051 3689 1214 3744 admetiuris
1226 3693 1283 3746 AV

232 3782 265 3830 12
284 3776 406 3830 enlleare
427 3776 505 3831 PAe
523 3775 661 3830 collocare
680 3777 696 3830 b
720 3775 860 3843 enleaief
881 3777 1024 3831 enleareo
1114 3777 1163 3851 ille
1182 3780 1223 3833 rei
1246 3781 1275 3834 P

160 3867 209 3922 ille
228 3866 268 3920 rei
287 3867 313 3919 A
332 3864 375 3920 illi
394 3865 469 3921 reio
578 3871 611 3919 13
630 3863 775 3919 transferri
794 3865 918 3934 possItur·
938 3865 995 3918 PA
1019 3865 1142 3921 trasferri
1160 3867 1271 3936 positnr

159 3955 302 4011 transferri
329 3955 418 4026 possib
446 3957 507 4023 bfo.
547 3952 615 4008 ‘lu
644 3952 789 4008 transferri
817 3952 947 4023 possitnr.
993 3955 1089 4010 Prisco
1116 3956 1181 4010 baec
1210 3959 1265 4012 lecti

163 4047 300 4101 Victorius
372 4051 405 4098 14
425 4044 550 4114 opturati
569 4045 644 4098 erete
662 4044 703 4097 vel
722 4045 796 4097 crete
815 4044 842 4096 A
865 4042 1023 4113 opturnrier
1041 4047 1116 4098 reete
1135 4045 1163 4096 P
1178 4047 1261 4100 obtur

160 4136 251 4188 erecte
271 4136 286 4187 b
292 4135 310 4200 f
323 4134 448 4202 optumri
467 4135 571 4188 erreete
592 4151 606 4186 e
625 4131 781 4187 obturarier
799 4133 852 4186 rite
871 4149 887 4186 o
967 4135 995 4187 et
1014 4136 1044 4187 at
1062 4136 1139 4201 (corr.
1161 4138 1190 4189 et
1209 4135 1245 4189 ad

160 4239 299 4292 summum
319 4221 377 4274 PA
396 4222 479 4276 etad
498 4240 636 4276 summum
657 4222 712 4289 bfo
735 4224 764 4276 et
782 4238 971 4277 nsnmmume
1061 4223 1181 4276 culleum
1202 4224 1248 4278 Pi

161 4309 269 4366 culeum
288 4311 322 4378 fo
