3000 5026
164 334 231 399 200
654 335 841 393 VARRONIS

165 503 308 581 postridie
335 503 521 582 prodeamus.
567 522 671 563 omnes
698 506 908 582 consurgimus
930 524 964 565 ac
988 505 1076 565 sImnl
1099 505 1308 587 exclamamus,

165 604 271 688 ‘quid?
310 611 341 669 iu
374 607 486 671 funus?
526 610 605 689 qtrod
637 607 749 671 funus?
789 610 860 689 quid
893 620 940 671 est
971 608 1113 673 factum?⁵
1154 611 1205 672 ille
1233 612 1309 672 llens

165 723 265 775 narrat
296 714 333 775 ab
365 713 466 776 nescio
493 736 553 796 quo
581 736 756 797 percussum
783 718 902 779 cultello
931 720 1111 798 concidisse,
1138 737 1229 796 quem
1257 722 1309 797 qni

164 830 244 881 esset
275 822 510 883 anImadrertere
542 826 573 884 io
606 823 693 884 turba
725 843 785 884 non
816 827 963 905 potuisse,
995 825 1048 886 sed
1075 833 1192 885 tantum
1220 824 1309 885 modo

138 928 322 989 Rcraudisse
346 949 456 1010 rocem,
479 949 635 1010 perperam
657 932 773 992 iecisse.
818 934 892 1011 Ipse,
914 950 983 992 cum
1006 941 1164 1011 patronum
1186 932 1309 992 domum
1333 949 1346 988 s

164 1035 334 1096 sustulisset
353 1046 384 1097 et
401 1055 511 1117 pueros
530 1037 701 1118 dimisisset,
721 1047 753 1097 ut
772 1037 920 1098 medicum
938 1041 1129 1116 requirerent
1141 1056 1176 1098 ac
1191 1048 1308 1099 mature

164 1141 354 1223 adducerent,
373 1145 452 1222 quod
470 1147 571 1224 potins
590 1143 656 1204 illut
674 1144 918 1224 administrasset,
936 1163 1025 1223 quam
1044 1144 1080 1205 ad
1099 1163 1154 1205 nos
1169 1147 1310 1222 venisset,

164 1268 267 1310 aecum
291 1269 358 1310 esse
381 1250 439 1310 sibi
462 1253 584 1328 Ignosc'e
629 1269 684 1310 nec
708 1253 821 1310 sicum
840 1269 958 1311 serrare
976 1269 1036 1311 non
1054 1253 1213 1331 potuisset,
1236 1255 1309 1330 quin

164 1375 223 1416 non
250 1357 343 1417 multo
371 1366 438 1436 post
465 1360 592 1418 animam
619 1357 747 1431 efflaret,
775 1365 873 1417 tamen
899 1367 1007 1438 putare
1033 1376 1066 1418 se
1089 1359 1197 1418 iecisse
1225 1367 1308 1419 recte

164 1461 225 1539 [L].
279 1482 339 1524 non
372 1464 495 1525 moleste
528 1465 658 1524 ferentes
690 1464 899 1525 descendimus
930 1466 967 1525 de
999 1466 1071 1525 aede
1103 1474 1134 1525 et
1166 1464 1204 1525 de
1237 1481 1347 1526 casuro

163 1569 292 1629 hnmano
325 1573 418 1650 magis
451 1581 624 1650 querentes,
656 1589 744 1649 quam
779 1570 958 1630 admirantes
990 1572 1019 1631 id
1048 1571 1159 1632 Romae
1186 1573 1309 1648 Iactum,

162 1676 344 1738 discedimus
367 1697 477 1739 omnes.

233 1874 250 1921 3
278 1868 315 1922 ab
336 1869 430 1923 nescio
448 1869 477 1922 P
497 1868 533 1921 ab
555 1867 633 1921 nesio
652 1867 680 1921 A
702 1866 739 1934 ab
761 1867 854 1920 neseio
872 1866 900 1919 Β
923 1867 1057 1922 nescioo
1128 1873 1146 1922 5
1172 1867 1308 1924 fecissen

161 1956 230 2011 lecit
248 1973 277 2010 se
295 1957 386 2011 PAB
457 1963 473 2011 6
497 1956 676 2011 substuliaset
693 1956 722 2009 Β
792 1955 945 2010 dimississet
961 1956 990 2009 A
1061 1959 1189 2012 maturae
1208 1958 1237 2010 Β

163 2045 262 2100 tillut
281 2046 310 2100 P
326 2045 398 2100 illud
416 2046 497 2100 ABo
552 2052 568 2100 8
587 2061 685 2098 aecum
703 2045 762 2099 ΡΒ
780 2060 877 2098 aecum
896 2061 965 2098 corr.
984 2061 1085 2114 aequm
1104 2045 1132 2100 A
1150 2062 1308 2116 aequumo

215 2135 295 2206 quin]
314 2135 363 2205 qni
381 2134 409 2188 A
463 2140 479 2187 9
498 2137 597 2204 putare
616 2135 763 2189 Iucundos
781 2135 893 2202 putaret
916 2134 1004 2188 VAB
1056 2134 1172 2190 fecisset
1189 2135 1219 2190 A
1274 2143 1308 2191 to

163 2225 217 2279 .1.
236 2241 292 2278 uon
311 2225 339 2279 Β
357 2224 408 2278 .Ι.
428 2239 484 2277 non
502 2224 599 2279 P.i.
618 2241 673 2278 nou
691 2223 720 2276 A
738 2222 771 2276 Id
787 2238 844 2276 non
862 2240 878 2277 o
896 2222 929 2276 ld
946 2224 1168 2280 nosIuetmdua.
1199 2224 1308 2280 ‘Idnos

162 2313 281 2368 moleste
303 2313 432 2368 ferentes.
469 2312 548 2366 Haec
570 2318 630 2366 erut
646 2313 816 2381 peruulputa
838 2313 929 2379 locato,
946 2329 1016 2381 quoe
1032 2313 1059 2368 si
1074 2319 1193 2368 swan
1211 2320 1309 2370 canoa

162 2419 189 2458 se
206 2419 264 2457 non
281 2403 399 2468 habaet,
416 2401 499 2468 facile
517 2402 605 2455 Iocum
621 2417 701 2454 suum
719 2407 840 2455 tueretur
853 2422 862 2453 :
875 2417 952 2455 orote
968 2402 1021 2456 alie
1037 2418 1198 2471 repupnuns
1214 2405 1308 2459 omma

163 2492 309 2558 conftmdit
322 2511 331 2544 :
344 2492 376 2544 io
393 2506 479 2543 manu
497 2490 568 2543 eue'm
586 2491 698 2558 scriptis
716 2489 780 2544 Non
798 2489 916 2544 molesta
933 2487 1054 2545 ferentes
1072 2489 1186 2561 legitur.
1202 2523 1237 2532 -
1253 2493 1308 2548 Eat

162 2580 318 2634 tamaltio
341 2580 423 2632 etium
444 2578 529 2644 allud,
557 2579 629 2646 quod
651 2594 730 2646 saepe
751 2595 801 2632 nos
822 2579 945 2633 molestos
966 2579 1078 2646 habuit,
1100 2580 1123 2632 L
1147 2581 1222 2634 uum
1243 2586 1308 2637 ante

161 2671 233 2723 hanc
253 2673 360 2737 parton
382 2668 414 2720 iu
437 2671 564 2719 contecto
587 2669 717 2721 ammom'e
735 2669 884 2723 emetitutu
902 2672 954 2734 eet,
969 2672 1113 2736 praeterea
1129 2670 1225 2724 mendi
1240 2675 1308 2724 noto

162 2758 206 2812 hie
220 2757 340 2825 marpirei
354 2754 493 2823 adpoaa'ta'
518 2752 655 2810 Victorius
711 2762 743 2810 11
763 2756 964 2826 quaerentesB
1019 2760 1052 2807 12
1066 2755 1201 2811 Varronis
1214 2774 1308 2813 rernm

161 2845 330 2901 rusticarum
344 2845 379 2900 de
392 2842 565 2914 agricultura
578 2845 657 2899 liber.
677 2843 697 2897 L
715 2845 839 2915 explicit
853 2844 942 2898 Marci
955 2844 1059 2898 terenti
1071 2846 1200 2900 uerronis
1214 2865 1308 2902 rernm

161 2935 329 2990 rusticarum
348 2935 383 2988 dc
397 2949 427 2987 re
441 2932 573 3002 pecuaria
587 2933 709 3003 Incipit.
724 2933 767 2988 L.
787 2933 821 2990 II.
838 2934 865 2987 P
879 2933 997 2988 Varonis
1011 2933 1114 2988 Rerum
1127 2933 1354 2992 Rusticarum

162 3024 203 3078 De
231 3024 293 3093 agri
321 3023 431 3077 cultura
457 3021 570 3078 Liber
584 3021 619 3076 Ι.
644 3039 677 3075 ex
693 3025 697 3092 Ι
712 3022 825 3093 plicit.
839 3022 889 3077 Μ.
914 3021 1029 3076 Terenti
1056 3022 1177 3078 Varonis
1203 3025 1308 3081 Rerum
1319 3049 1354 3079 A

162 3112 339 3167 Busticarum
366 3115 370 3178 Ι
396 3110 461 3165 dere
490 3111 622 3180 pecuaria
652 3110 756 3181 Incipit
787 3109 871 3166 Liber
899 3109 1042 3166 Secundus
1064 3111 1093 3165 A
1119 3111 1354 3169 UARBONlRl

162 3199 290 3255 RERUM
317 3198 549 3254 RUSTICARUM
578 3199 689 3252 LIBER
715 3198 812 3253 PRIM’
833 3198 1027 3268 IEXPLIUI'I'
1055 3199 1103 3253 DE
1131 3200 1354 3257 AGRICUL—

162 3288 260 3342 TURA
281 3291 285 3355 Ι
306 3288 342 3342 Μ
362 3288 537 3342 TERENTII
560 3286 747 3364 UARRONIS
772 3287 900 3342 RERUM
918 3287 1153 3344 RUBTIGARUM
1171 3289 1221 3345 DE
1238 3295 1244 3361 Ι
1260 3292 1354 3347 ΒΕ

162 3376 344 3431 PECUARIA
364 3375 499 3431 INCIPIT
518 3375 627 3430 LIBER
646 3376 835 3431 SECUNDUS
852 3377 881 3430 Β
899 3376 1015 3432 MARCI
1029 3378 1205 3433 TERENTII
1219 3380 1354 3434 VEB--

162 3465 271 3520 RONIS
295 3463 423 3519 RERVM
446 3463 683 3519 RVSTICARVM
706 3465 839 3520 LIBER.
859 3465 906 3520 II.
930 3465 981 3518 AD
1000 3465 1144 3521 NIURVII
1163 3467 1354 3522 TVRAN

160 3554 264 3610 NIVII.
284 3551 522 3608 PRAEFATIOo
