3000 5026
593 361 594 364 *
666 335 870 390 PRAEFATIO
1300 333 1340 388 XI

196 503 361 564 secundum
390 503 498 564 librum
522 506 631 583 scripta
656 513 725 564 sunt
748 504 833 584 haec,
862 506 998 581 Explicit
1020 506 1098 584 tiier
1116 507 1235 580 primus
1258 521 1338 563 rour-

195 615 239 671 cii
265 613 403 672 cottonis·
437 613 483 673 De
515 614 717 687 Agricultura
745 613 858 688 Incipit
885 613 1043 672 Secundus
1068 610 1203 685 feliciter
1229 615 1342 672 moreti

194 721 325 779 terencii
346 722 488 779 varronis
513 719 629 778 Rerum
650 711 856 779 Ponticorum.
903 717 948 777 his
971 716 1135 777 rationibus
1160 717 1270 778 sactum
1294 726 1340 778 est

194 832 228 884 ut
260 823 434 906 Bandinius,
476 827 527 904 qui
565 825 698 885 codicem
736 826 894 910 descripsit
931 823 1013 884 catal.
1051 822 1115 883 cod.
1153 823 1232 883 latin.
1269 824 1340 885 bibl.

193 931 334 992 Laurent.
364 952 390 992 v.
412 947 438 992 11
461 952 488 1011 p.
514 930 569 1012 74,
597 932 673 992 ditos
697 933 794 992 inesse
818 931 932 990 diceret
956 929 1075 990 Catonis
1097 929 1190 989 libros
1214 937 1243 989 et
1264 930 1339 991 dnos

194 1039 344 1098 Varronis.
382 1040 461 1099 idem
480 1043 590 1100 veteris
610 1041 792 1119 possessoris
811 1057 917 1098 nomen
936 1040 967 1097 in
987 1038 1044 1096 fine
1064 1037 1174 1097 codicis
1194 1039 1339 1116 scriptum

194 1164 261 1206 esse
282 1145 421 1206 indicavit
441 1149 491 1229 ita,
511 1142 674 1206 ‘Francisci
694 1145 817 1206 Sassetti
837 1145 966 1204 Thomae
985 1144 1037 1204 tilii
1057 1143 1137 1205 Ciuis
1157 1141 1341 1206 Florentini’.

194 1261 241 1314 est
268 1260 368 1312 autem
395 1252 444 1313 hic
472 1255 535 1332 ipse
564 1253 638 1314 alter
667 1252 715 1312 ille
744 1252 849 1332 codex,
878 1270 965 1332 quem
989 1251 1151 1312 Politianus
1174 1261 1243 1331 post
1265 1252 1339 1312 Mar-

194 1362 313 1420 cianum
348 1378 414 1419 cum
443 1362 578 1439 principe
607 1360 735 1421 editione
765 1359 902 1441 contulit,
931 1359 1118 1438 eundemque
1147 1378 1183 1419 ex
1210 1358 1340 1420 Medicea

194 1467 373 1529 bibliotheca
402 1467 609 1547 depromptum
640 1467 742 1528 habuit
765 1467 926 1547 Victorius,
956 1468 1007 1546 qui
1036 1485 1103 1527 eum
1132 1468 1340 1527 semiueterem

195 1574 241 1635 vel
265 1573 446 1635 Gallicanum
477 1575 522 1634 vel
551 1594 566 1634 a
591 1574 700 1635 Gallico
729 1575 848 1634 homine
877 1575 1020 1653 scriptum
1049 1573 1149 1634 dicere
1178 1576 1339 1653 consuevit.

194 1685 295 1760 itaque
319 1681 482 1742 Victorium
507 1692 629 1743 secutus
653 1681 818 1742 Medicenm
842 1681 993 1760 appellavi.

168 1861 169 1865 Ἰ
284 1787 321 1848 Hi
336 1788 394 1848 duo
408 1791 499 1869 igitur
514 1789 631 1850 codices
647 1797 681 1849 ut
697 1796 791 1850 aetate
801 1789 933 1869 reliquos
944 1797 1095 1871 superant,
1108 1791 1148 1849 ita
1158 1793 1340 1870 cognationis

195 1897 321 1975 quodam
342 1895 458 1956 vinculo
478 1899 557 1956 inter
578 1916 609 1957 se
630 1899 781 1957 coniuncti
800 1904 870 1957 sunt
889 1904 918 1955 et
937 1895 1052 1956 diversa
1068 1916 1083 1956 a
1098 1899 1206 1956 ceteris
1226 1901 1339 1958 ratione

195 2023 230 2064 ex
255 2005 405 2064 cornmuni
428 2005 561 2063 emnium
585 2004 744 2083 archetypo
763 2004 901 2063 videntur
921 2002 1002 2063 ducti
1021 2022 1096 2064 esse.
1133 2003 1243 2064 habent
1261 2007 1339 2064 enim

195 2130 283 2190 saepe
306 2113 442 2190 proprias
466 2112 606 2190 quasdam
630 2111 781 2193 lectiones,
806 2130 881 2192 quae
905 2130 973 2171 cnm
996 2114 1025 2171 in
1050 2111 1156 2171 italicis
1177 2110 1261 2170 libris
1280 2130 1338 2170 nnn

195 2219 391 2298 inveniantur,
411 2236 447 2277 ex
467 2218 632 2296 antiquiore
652 2217 736 2298 libro,
756 2237 790 2278 ex
811 2237 870 2297 quo
889 2227 1038 2297 tamquam
1058 2235 1074 2277 e
1094 2220 1244 2278 communi
1258 2220 1339 2279 iente

195 2325 348 2385 Parisinus
362 2323 552 2384 etMediceus
567 2323 709 2404 descrIpti
724 2332 815 2399 erant,
832 2323 865 2384 ad
878 2323 943 2384 ilios
953 2332 1129 2403 propagatae
1140 2332 1217 2385 sunt.
1242 2345 1339 2405 neque

195 2433 273 2490 enim
298 2449 334 2491 cx
357 2433 422 2510 ipso
444 2431 578 2491 Parisino
602 2431 703 2491 codice
727 2431 855 2491 describi
879 2433 976 2510 potuit
994 2430 1153 2510 Medicem,
1178 2433 1256 2512 quod
1280 2452 1339 2493 non

194 2537 275 2597 nulia
293 2540 324 2596 in
343 2536 393 2597 illc
413 2537 475 2597 solo
495 2547 635 2618 corrupta
656 2539 700 2598 vel
716 2541 822 2598 omissa
838 2547 917 2620 sum,
936 2556 1011 2617 quae
1025 2539 1141 2617 integra
1155 2537 1295 2618 leguntur
1309 2542 1339 2599 in

194 2645 340 2725 Mediceo,
369 2647 447 2705 sicut
469 2647 499 2705 in
523 2645 660 2726 reliquis,
691 2664 787 2725 neque
812 2664 847 2705 ex
870 2645 1005 2705 Parisino
1028 2646 1090 2724 peti
1112 2654 1257 2724 poterant.
1304 2665 1339 2706 ex

195 2754 345 2812 communi
369 2759 468 2812 autem
491 2755 623 2813 omnium
648 2753 806 2832 archetypo
826 2755 916 2813 istum
938 2752 1055 2834 librum,
1079 2771 1115 2813 ex
1135 2772 1193 2832 quc
1213 2761 1339 2833 uterque
1410 2752 1413 2771 '

194 2859 303 2919 ductus
327 2866 381 2940 est,
404 2859 586 2939 descriptum
612 2860 713 2938 fuisse,
737 2878 795 2918 non
820 2859 855 2919 ab
879 2862 1046 2938 antiquiore
1070 2862 1184 2938 origine
1204 2870 1340 2940 repeten-

194 2966 267 3025 dum
299 2984 365 3026 esse
402 2965 467 3026 dico
495 2975 666 3046 propterea,
702 2965 780 3044 qnod
809 2983 901 3044 pauca
929 2967 959 3024 in
989 2983 1024 3024 eo
1052 2968 1164 3024 rectius
1194 2985 1280 3045 quam
1309 2971 1338 3027 in
1364 3010 1369 3033 ,-

193 3072 343 3132 Marciano
372 3072 472 3132 codice
502 3074 611 3150 scripta
642 3080 739 3151 erant,
768 3089 861 3150 eaque
886 3073 983 3131 omnia
1006 3073 1047 3131 ita
1071 3081 1238 3149 comparata
1262 3080 1341 3155 sunt,

194 3189 231 3240 ut
255 3181 425 3240 coniectura
448 3178 533 3239 facile
557 3181 683 3240 inveniri
706 3181 866 3258 potuerint.
912 3179 1047 3258 plurimis
1071 3180 1149 3238 enim
1175 3178 1248 3239 loeis
1272 3190 1355 3240 con-z·

196 3306 306 3349 sensns
329 3287 456 3347 Parisini
484 3296 514 3347 et
541 3286 666 3347 Medicei
691 3288 802 3346 codicis
825 3288 855 3345 in
881 3285 1087 3346 communibus
1112 3285 1288 3365 quibusdam
1312 3264 1342 3349 et

193 3397 364 3456 manifestis
397 3396 563 3472 scripturae
595 3396 673 3453 vitiis
706 3395 898 3471 conspicitur.
948 3395 1048 3472 itaque
1082 3395 1106 3453 si
1140 3393 1212 3454 haec
1241 3397 1280 3454 ita
1309 3415 1340 3456 se

195 3502 319 3582 habent,
343 3510 377 3561 nt
399 3501 468 3580 dixi,
493 3520 527 3560 ex
552 3500 699 3561 Marciano
724 3501 834 3581 codice,
859 3509 1016 3579 antequam
1040 3502 1065 3560 is
1089 3494 1341 3561 Florentiam'de·

192 3610 274 3670 latus
304 3616 363 3690 est,
398 3609 507 3667 factum
536 3616 600 3667 erat
628 3607 841 3686 apographum,
870 3624 906 3666 ex
936 3625 994 3685 quio
1021 3609 1151 3686 primum
1180 3608 1342 3690 Parisinus,

196 3715 306 3776 deinde
337 3724 457 3776 centum
487 3723 516 3774 et
546 3716 757 3793 utrinquaginta
786 3715 848 3774 iere
877 3715 962 3773 annis
985 3723 1053 3792 post
1075 3698 1242 3785 Mediceud
1249 3704 1341 3775 codex

198 3823 369 3902 descriptus
398 3830 452 3881 est.
500 3819 552 3879 sed
576 3822 601 3879 is
626 3824 677 3898 qui
701 3820 866 3881 Parisinum
891 3819 1024 3880 codicem
1048 3824 1169 3900 scripsit
1191 3804 1341 3883 vetustum

194 3929 366 4008 exemplum
396 3947 453 4007 qua
482 3929 606 3987 maxima
630 3936 746 4007 poterat
769 3927 826 3987 tide
850 3930 1009 4007 expressit,
1038 3936 1067 3988 et
1091 3936 1268 4008 quamquam
1293 3948 1341 3989 ne·

197 4035 344 4114 glegentia
379 4034 424 4094 vei
456 4037 621 4113 ignorantia
654 4053 741 4114 saepe
774 4035 874 4114 lapsus
902 4042 948 4093 est
976 4027 1047 4115 (init
1076 4036 1153 4093 enim
1183 4034 1282 4093 rer'um
1313 4044 1342 4095 et

198 4139 360 4202 verborum
394 4160 469 4219 qliae
497 4142 656 4221 descripsit
683 4142 768 4222 plane
797 4133 946 4223 ignarus),
978 4147 1076 4199 tamen
1105 4140 1177 4200 nihil
1206 4142 1341 4202 consulto

194 4251 336 4329 mutavit,
365 4248 417 4308 sed
446 4252 543 4310 emnia
572 4252 650 4310 sicut
681 4252 790 4328 scripta
819 4251 971 4309 invenerat
999 4250 1028 4307 in
1059 4266 1145 4307 suum
1175 4249 1342 4328 exemplum

192 4356 357 4418 transtulit.
404 4375 463 4436 qno
492 4358 601 4417 iactum
633 4365 746 4438 estut,
776 4358 909 4436 quamvis
931 4357 1030 4434 ipsum
1055 4356 1246 4436 archetypum
1271 4359 1342 4417 scri-

198 4461 282 4524 benti
311 4469 381 4524 ante
408 4464 510 4524 oculos
538 4482 598 4524 non
626 4466 729 4546 inerit,
758 4471 856 4525 tamen
884 4462 976 4524 multa
1005 4470 1142 4523 accurate
1171 4482 1206 4523 ex
1234 4481 1269 4522 eo
1293 4481 1341 4523 ex-
