3000 5026
443 327 572 382 RERVM
589 327 823 383 RVSTIOARVM
841 328 908 384 ΗΒ.
926 330 940 384 Ι
958 324 1080 409 31-533
1274 327 1336 390 l‘ll

196 493 348 575 capreolos
375 493 479 574 habet,
508 501 540 555 ut
567 496 648 577 vitis,
677 494 785 574 quibus
813 514 881 556 cum
908 514 1012 557 susum
1039 514 1143 557 versus
1167 496 1273 574 serpit,
1301 493 1338 554 ad

196 620 316 681 scapum
349 600 444 679 lupini
477 601 601 663 aliumve
635 621 723 681 quem
756 610 790 663 ut
817 602 949 684 haereat,
981 604 1011 664 id
1040 602 1114 664 solet
1142 604 1262 662 vincire.
1312 602 1339 660 si

195 716 279 787 prata
307 711 422 787 inrigua
450 708 585 787 habebis,
620 709 742 770 simulac
771 709 889 771 faenum
917 710 1088 788 sustuleris,
1118 711 1257 786 inrigare.
1307 709 1337 766 in

196 834 295 896 poma,
318 834 393 894 quae
417 817 504 876 insita
528 824 629 897 erunt,
653 817 837 878 siccitatibus
861 831 967 896 aquam
991 816 1059 878 addi
1081 816 1189 876 cotidie
1212 818 1337 890 vesperi.

174 928 214 1002 ia
237 941 309 1002 quo,
332 921 411 1001 quod
435 922 568 1000 indigent
590 930 676 1004 potu,
701 943 787 1003 poma
813 924 863 1002 [L]
889 924 967 984 dicta
991 942 1055 983 esse
1079 929 1213 1002 possunt.

285 1028 396 1099 Quarto
432 1029 586 1090 intervallo
623 1033 701 1092 inter
739 1031 898 1092 solstitium
934 1038 964 1091 et
1002 1030 1165 1091 caniculam
1202 1027 1337 1106 plerique
1356 1024 1465 1085 XXXll

197 1151 323 1196 messem
351 1136 475 1217 iaciunt,
505 1136 583 1215 quod
612 1138 794 1199 frumentum
823 1138 927 1199 dicunt
951 1137 1119 1216 quindecim
1143 1135 1249 1197 diebus
1272 1152 1338 1194 esse

198 1242 227 1301 in
258 1244 385 1323 vaginiS,
423 1243 591 1321 quindecim
624 1244 745 1326 llorere,
778 1244 947 1324 quindecim
981 1262 1166 1322 exarescere,
1200 1261 1267 1303 curn
1300 1242 1339 1301 sit

200 1357 354 1410 maturum.
405 1352 553 1412 arationes
586 1351 709 1434 absolvi,
743 1371 817 1431 quae
850 1370 885 1413 eo
916 1353 1131 1413 fructuosiores
1159 1351 1247 1426 liunt,
1280 1367 1349 1427 quo,

157 1461 185 1502 1⁰
201 1454 325 1516 caldiore
343 1463 424 1516 terra
436 1465 556 1540 ¹aratur:
575 1460 601 1518 si
619 1459 808 1539 proscideris,
828 1460 946 1537 oilringi
964 1468 1090 1537 oportet,
1109 1459 1138 1518 id
1158 1464 1204 1517 est
1222 1458 1339 1534 iterare,

198 1568 231 1621 ut
256 1563 429 1641 frangantur
457 1564 584 1642 glaebae.
630 1567 724 1645 prima
753 1569 832 1627 enim
855 1569 986 1627 aratione
1010 1565 1137 1645 grandes
1160 1562 1279 1642 glaebae
1303 1579 1339 1621 ex
1413 1559 1419 1567 “

196 1674 275 1729 terra
298 1670 484 1732 scinduntur.
530 1673 689 1734 serendum
713 1676 830 1754 viciam,
853 1674 975 1753 lentem,
999 1671 1191 1750 cicerculam,
1214 1668 1364 1730 ervilam2

187 1783 368 1858 ceteraque,
392 1797 467 1857 quae
491 1778 541 1839 alii
564 1778 724 1859 legumina,
748 1780 810 1857 alii,
834 1788 867 1841 ut
890 1780 1032 1841 Gallicani
1056 1779 1189 1858 quidam,
1212 1776 1339 1854 legarica

175 1883 358 1966 appellant,
386 1892 512 1965 utraque
540 1887 618 1947 dicta
646 1906 661 1946 a
689 1887 827 1968 legendo,
855 1889 934 1967 quod
962 1906 996 1947 ea
1024 1905 1084 1946 uon
1107 1895 1259 1963 secantur,
1287 1883 1339 1943 sed

112 1993 136 2035 1⁵
168 1988 332 2052 vellendo
360 1991 508 2070 leguntur.
554 1996 654 2054 vineas
681 2002 798 2055 veteres
820 1996 929 2055 iterum
953 2012 1070 2072 occare,
1098 1991 1227 2053 novellas
1251 1992 1339 2051 etiam

151 2099 301 2180 tertio,
324 2099 351 2158 si
374 2109 444 2159 sunt
467 2102 641 2161 etiamtum
665 2101 794 2179 glaebae.

286 2203 396 2274 Quinto
419 2207 573 2268 intervallo
596 2209 675 2268 inter
698 2209 861 2270 caniculam
885 2216 915 2270 et
932 2209 1152 2288 aequinoctium
1172 2203 1340 2265 autumnale
1360 2195 1481 2257 XXXlll

268 2447 286 2494 4
309 2456 411 2508 aquam
433 2441 500 2496 addi
524 2442 627 2498 cotidie
645 2444 719 2499 Non.
735 2461 765 2513 p.
785 2448 829 2512 61,
848 2449 887 2500 28
960 2449 975 2498 ὅ
1000 2460 1018 2496 a
1040 2459 1095 2512 quo
1119 2441 1194 2509 quod
1212 2439 1341 2509 indigent

83 2523 179 2578 N
167 2544 272 2585 om.
289 2547 318 2600 p.
338 2534 402 2598 502,
421 2535 460 2587 24
725 2529 728 2536 ’

75 2659 412 2678 Ὢ

251 2760 268 2807 1
289 2771 384 2808 susum
402 2771 497 2808 uersus
511 2755 573 2809 AB
587 2773 681 2810 susum
695 2773 806 2810 uersum
821 2758 849 2811 P
861 2773 969 2810 sursum
983 2772 1124 2810 uorsumo
1178 2744 1341 2824 2'lupinum

65 2845 268 2894 corr.
283 2873 314 2882 -
332 2841 402 2896 uiA
455 2843 562 2898 uincire
576 2843 677 2897 A²mv
691 2843 803 2898 uincere
818 2845 909 2898 PAB
964 2845 1109 2913 diurigua
1123 2843 1269 2912 Airrigua
1286 2842 1342 2896 VB

231 2930 506 2986 ienumAfoenum
519 2931 575 2986 VB
618 2932 740 3001 inrigare
750 2933 806 2986 PA
816 2932 988 3002 irrigareBo
1032 2931 1228 3001 tveaperiom.
1244 2930 1341 2995 VAB,

61 3011 264 3076 add.
283 3023 394 3076 Nonius
407 3041 437 3093 p.
458 3026 503 3091 61,
522 3026 561 3078 28
615 3026 631 3074 5
655 3020 848 3089 indigentiae
866 3022 979 3076 Nouius
997 3038 1027 3089 p.
1043 3025 1088 3086 61,
1103 3023 1149 3074 28.
1165 3023 1230 3085 502,
1244 3024 1283 3074 25
1301 3020 1342 3071 in-

62 3091 376 3166 digetPAB
431 3111 500 3181 potu
512 3110 599 3166 VAB
608 3110 688 3179 potui
697 3110 817 3165 Nouius.
830 3109 1012 3164 ‘Communem
1023 3110 1161 3164 lectionem
1170 3109 1341 3176 cocomati,

61 3195 283 3251 quami
304 3201 386 3255 etiam
404 3201 436 3254 in
454 3202 576 3270 anitquis
595 3201 674 3254 libris
692 3200 808 3268 repperi.
845 3199 956 3252 Habeat
974 3203 1064 3254 eutem
1081 3198 1126 3252 illi
1143 3199 1189 3252 bic
1207 3199 1288 3252 ettam
1306 3198 1339 3253 L.

64 3265 136 3366 ‘15
231 3303 307 3354 qao
330 3303 416 3357 supro
439 3289 544 3344 locotus
565 3288 635 3344 aum'
678 3287 817 3343 Victorius
887 3303 971 3356 poma
986 3326 992 3339 .
1007 3287 1039 3343 L.
1062 3285 1138 3341 dicta
1158 3288 1186 3341 P
1202 3303 1286 3357 poma
1302 3328 1307 3340 .
1323 3288 1341 3343 l.

67 3352 279 3428 ‘heta
295 3377 355 3433 AB
373 3394 457 3447 poma
475 3378 538 3447 lege
557 3377 633 3432 dieta
650 3393 677 3430 m
694 3392 780 3446 poma
798 3377 907 3432 dictae

274 3471 289 3518 6
315 3466 456 3536 plerisque
474 3466 501 3520 A
573 3473 588 3521 7
617 3465 748 3520 dicundo
775 3466 871 3519 dicent
890 3466 981 3519 PAB
1053 3473 1068 3520 9
1097 3465 1206 3521 absolui
1224 3465 1285 3519 AB
1307 3466 1343 3518 ad

75 3538 275 3605 ⁸0111i
293 3555 321 3608 P
343 3554 379 3609 ad
398 3553 521 3609 solome
594 3560 627 3608 10
647 3553 768 3609 caldiore
787 3555 862 3608 berra
884 3554 939 3608 VA
958 3571 1026 3610 corr.
1046 3561 1077 3610 ut
1094 3556 1202 3610 uidetur
1220 3554 1342 3609 caldiore

78 3623 278 3696 terri,
299 3643 340 3698 Aa
368 3643 501 3700 calidiore
528 3647 603 3697 terra
625 3644 652 3697 Β
681 3641 842 3697 calidiorem
870 3645 972 3697 terram
1000 3662 1026 3698 m
1115 3647 1210 3699 aratur
1237 3660 1253 3697 o
1281 3659 1342 3698 ara·

80 3711 193 3768 ’⁶01‘
258 3731 366 3787 PAB¹
444 3732 468 3784 ai
491 3729 655 3800 proscideris
675 3731 734 3785 PB
757 3731 907 3800 eupsideris
929 3736 1086 3789 dividetur
1108 3750 1177 3789 corr.
1196 3734 1220 3788 ai
1238 3731 1342 3803 prosci-

88 3794 275 3872 dssris
293 3823 322 3877 A
345 3820 482 3876 succindit
504 3838 530 3874 m
549 3839 612 3876 cum
631 3820 850 3891 proscinderiso
925 3827 955 3875 11
980 3821 1126 3892 fragantur
1144 3824 1172 3877 Β
1243 3823 1343 3891 glebae

93 3929 314 4014 “troque
328 3945 430 4002 iocoV
484 3953 516 4001 12
536 3946 684 4001 sinduntur
698 3947 724 3999 A
779 3921 928 4000 oicedulam
947 3948 975 4002 Β
1029 3947 1145 4000 eruilam
1164 3947 1254 4000 PAB
1273 3946 1343 3999 erui-

98 4040 264 4119 liam
283 4088 302 4127 v
378 4078 410 4126 13
432 4075 595 4142 caeteraque
618 4072 645 4126 V
711 4035 834 4143 gallcani
852 4072 880 4126 A
951 4069 1074 4138 legarica
1093 4069 1184 4123 PAB
1201 4069 1343 4136 legariav

171 4261 183 4271 ·
268 4199 306 4251 15
330 4161 450 4252 ueldndo
469 4199 496 4250 A
567 4198 692 4253 nouellas
712 4198 797 4254 etiam
811 4197 839 4250 Β
856 4195 1001 4251 nonuellas
1021 4192 1107 4248 etiam
1121 4193 1149 4248 A
1167 4196 1197 4248 et
1218 4185 1344 4246 nouellas

109 4256 283 4334 eham
309 4286 338 4341 V
417 4291 449 4340 16
469 4285 493 4339 si
515 4289 579 4341 sunt
601 4287 685 4341 tertio
707 4304 774 4342 corr.
795 4286 879 4340 tertio
898 4283 921 4338 si
939 4286 1005 4338 eunt
1022 4284 1050 4338 Β
1130 4283 1218 4338 tercio
1237 4283 1282 4344 A,

42 4376 46 4384 ·
112 4342 302 4428 glebas
325 4374 382 4430 VB
400 4374 483 4444 grece
501 4374 529 4428 A
1226 4388 1232 4397 ·

263 4463 307 4520 17
328 4465 462 4521 autunale
480 4465 508 4518 P
524 4465 701 4521 autumnalae
720 4465 748 4519 A
767 4463 918 4518 autunnale
937 4462 965 4516 B
983 4460 1132 4518 auetfinic
