3000 5026
171 338 176 346 “
204 343 247 406 52
695 341 851 398 caronis

204 519 305 589 erunt,
339 509 389 569 ubi
412 511 546 570 favonius
569 508 640 571 ilare
660 512 805 591 coeperit,
829 527 897 570 cum
912 515 995 586 prata
1010 507 1159 590 defendes,
1184 509 1349 589 depurgato

205 617 370 696 herbasque
394 616 485 677 malas
509 619 604 677 omnis
628 617 770 677 radicitus
794 616 921 677 eiiodito.

162 731 180 785 2
293 724 348 783 Vbi
371 727 486 784 vineam
510 724 711 804 deputaveris,
741 742 879 783 acervum
903 723 1051 802 lignorum
1075 725 1285 802 virgarumque
1309 723 1349 782 ia-

205 833 271 890 cito.
309 832 381 891 ficos
405 834 586 910 interputato
605 833 683 892 etin
702 833 787 890 vinea
806 831 878 891 ticos
898 830 1050 890 subradito
1069 829 1139 910 alte,
1163 848 1200 890 ne
1216 847 1265 889 eas
1280 830 1349 889 vitis

205 937 333 998 scandat.
371 940 527 998 seminaria
552 938 639 998 facito
668 947 697 998 et
722 946 820 997 vetera
848 939 1000 997 resarcito.
1041 936 1114 997 haec
1138 937 1240 1015 facito,
1268 943 1349 996 ante·
1377 949 1389 988 ⁵

205 1062 293 1122 quam
316 1047 432 1104 vineam
456 1045 556 1104 iodere
580 1047 712 1123 incipias.
750 1044 801 1105 ubi
821 1045 893 1123 daps
912 1045 1064 1123 profanata
1079 1050 1269 1122 comestaque
1285 1046 1351 1125 erit,

206 1169 296 1210 verno
320 1170 403 1211 arare
426 1154 558 1230 incipito.
596 1171 629 1211 ea
648 1152 711 1212 loca
726 1154 854 1230 primum
870 1159 960 1232 arato,
984 1169 1058 1229 quae
1075 1151 1238 1210 siccissima
1253 1159 1352 1230 erunt,

205 1263 235 1316 et
254 1275 328 1335 qnae
343 1260 527 1318 crassissima
542 1266 571 1319 et
591 1261 785 1336 aquosissima
800 1266 898 1338 erunt,
917 1237 951 1318 ea
970 1264 1154 1336 postremum
1169 1264 1259 1338 arato,
1279 1257 1351 1316 dum

205 1381 241 1423 ne
266 1359 350 1441 piius
374 1365 581 1426 obdurescant.
757 1371 759 1375 ’

152 1475 211 1547 Li,
293 1469 467 1551 Propagatio
491 1491 660 1553 pomorum,
684 1472 808 1533 aliarum
832 1473 980 1533 arborum.
1018 1471 1054 1531 ab
1077 1469 1183 1531 arbore
1202 1470 1352 1531 absterra
1366 1493 1390 1530 ro

204 1577 278 1656 pulli
293 1581 344 1657 qui
367 1587 541 1659 nascentur,
565 1598 615 1639 eos
639 1581 669 1640 in
684 1588 794 1640 terram
809 1580 965 1658 deprimito
981 1577 1173 1656 extollitoqne
1188 1579 1352 1656 primorem

199 1692 334 1765 partem,
358 1688 403 1746 nti
422 1686 552 1746 radicem
576 1689 705 1764 capiant:
729 1687 797 1746 inde
821 1685 941 1746 biennio
965 1693 1032 1764 post
1056 1683 1175 1745 effodito
1190 1685 1352 1763 seritoque.

206 1791 304 1874 ficum,
328 1792 429 1873 oleam,
453 1793 562 1853 maium
586 1795 737 1873 punicum,
762 1802 919 1854 cotoneum
937 1793 1051 1872 aliaque
1066 1791 1140 1873 mala
1160 1793 1268 1870 omnia,
1292 1789 1352 1850 iau·

204 1917 281 1979 rum,
305 1908 445 1979 murium,
469 1919 561 1960 nuces
585 1903 797 1982 praenestinos,
821 1899 981 1981 platanum,
1004 1901 1076 1960 baec
1101 1901 1198 1959 omnia
1220 1916 1236 1958 a
1255 1899 1352 1975 capite

139 2009 185 2066 bil
204 2009 362 2085 propagari
385 2009 532 2087 eximique
557 2011 675 2087 serique
693 2008 803 2088 ¹eodem
823 2007 910 2067 modo
925 2014 1050 2085 oportet.
1088 2003 1352 2087 qrmtejiibgentius
1366 2015 1390 2066 ia

205 2117 362 2192 propagari
418 2188 427 2193 ..
451 2133 477 2194 s,
502 2117 537 2192 in¹
556 2114 638 2182 arulas
652 2121 712 2175 aut
735 2117 766 2175 in
785 2113 888 2192 qualos
907 2123 1045 2193 pertusos
1059 2114 1354 2192 propagamoporoet

206 2227 236 2279 et
259 2238 327 2280 cum
350 2221 387 2279 iis
411 2222 441 2279 in
466 2220 601 2280 scrobem
626 2221 737 2280 deferri
760 2227 885 2299 oportet.
923 2223 953 2280 in
973 2219 1143 2299 arboribuS,
1167 2221 1213 2280 uti
1235 2218 1353 2281 radices

206 2329 331 2406 capiant,
351 2326 473 2386 calicem
493 2327 676 2404 pertundito:
695 2345 748 2405 per
770 2327 891 2387 fundum
907 2334 957 2387 aut
973 2327 1092 2406 qualum
1115 2344 1239 2408 ramum,
1264 2343 1352 2404 quem

206 2431 593 2516 radicem..,capem„p‚o‚l,e„s,
627 2435 756 2512 traicjto:
790 2452 857 2493 eum
887 2434 1006 2512 qualum
1040 2442 1091 2494 aut
1114 2433 1244 2493 calicem
1273 2440 1352 2492 terra

206 2539 317 2618 inpleto
333 2540 503 2617 calcatoque
518 2538 607 2619 bene,
631 2541 660 2599 in
680 2539 785 2600 arbore
800 2539 968 2619 relinquito.
1011 2540 1063 2601 ubi
1081 2536 1104 2621 †
1123 2542 1164 2600 ita
1183 2540 1284 2621 suerit,
1307 2557 1351 2599 ra·
1365 2560 1388 2598 n

279 2843 294 2890 6
314 2835 361 2891 ubi
381 2836 450 2906 daps
469 2836 618 2906 profanata
636 2853 657 2891 c.
673 2841 726 2892 131
801 2842 834 2891 10
853 2835 1023 2907 Propagatio
1043 2852 1190 2905 pomorum
1210 2853 1231 2890 c.
1254 2841 1308 2892 133

206 3001 417 3010 -—-——.—-

279 3129 292 3176 1
314 3122 438 3193 eoeperit
462 3123 487 3176 V
504 3124 610 3194 ceperit
628 3124 698 3177 Abc
787 3129 803 3176 2
823 3123 913 3177 omnis
937 3122 964 3176 V
980 3139 1076 3177 omnes
1094 3122 1122 3177 R
1141 3127 1231 3191 offisq3
1253 3123 1280 3176 A

208 3219 224 3264 3
244 3229 391 3267 acceruum
410 3214 436 3267 A
527 3219 544 3266 4
563 3214 629 3265 ficos
646 3211 833 3280 intemerato]
853 3212 920 3265 ficus
938 3211 1126 3281 interpurgari
1146 3211 1263 3266 Plinius

207 3300 349 3355 subradito
370 3301 429 3355 PR
438 3300 520 3367 Vict,
548 3297 718 3352 subradicito
737 3299 765 3350 A
788 3298 957 3353 succiditoo
1052 3301 1184 3356 tvebere
1202 3300 1350 3372 resarcito]

207 3392 302 3444 uetera
320 3389 417 3444 sarciri
437 3389 552 3443 Plinius
624 3392 640 3440 6
660 3385 771 3440 uincam
789 3387 873 3442 ARo
892 3388 997 3443 uiniam
1016 3390 1045 3442 P
1080 3433 1085 3444 .

279 3486 295 3532 6
314 3480 347 3533 R.
366 3477 469 3533 LVIIII
488 3474 544 3530 Ubi
563 3476 631 3544 daps
649 3476 798 3545 profanata
816 3477 870 3532 erit
890 3478 956 3546 quid
974 3479 1025 3533 fiai
1042 3479 1136 3548 APb,
1161 3482 1221 3536 aine
1239 3482 1352 3537 rubrica

206 3575 230 3622 et
250 3569 314 3623 noni
333 3569 432 3637 capitia
450 3566 588 3620 indiciae
678 3567 855 3634 comesiaque
873 3567 935 3620 AR
967 3571 1146 3638 cementaque
1169 3569 1196 3623 V
1284 3576 1351 3625 ‘tea

129 3692 132 3697 -
206 3657 268 3713 loce
281 3658 361 3725 infra
379 3672 404 3711 c·
422 3659 483 3724 131,
503 3660 532 3710 et
550 3656 612 3710 loca
634 3654 735 3724 VAR,
754 3657 783 3710 et
802 3672 835 3710 ea
852 3656 915 3711 loca
933 3659 990 3713 cod.
1010 3659 1097 3714 Lnnr.
1117 3662 1217 3726 30,10

279 3752 311 3799 10
330 3746 363 3798 R.
381 3745 431 3799 LX
453 3744 622 3814 Propagaiio
646 3745 724 3799 oleae
742 3761 942 3814 pomorumque
961 3747 1043 3802 AVb
1134 3748 1253 3802 aliarum
1274 3749 1355 3815 PAs

206 3836 358 3889 aliorumc
388 3833 561 3902 aliarumque
580 3833 668 3888 A²bo
769 3840 800 3888 12
822 3834 936 3904 capiant
956 3838 1109 3893 Pontedera
1127 3855 1158 3906 p.
1178 3841 1228 3904 59,
1257 3839 1350 3909 capiat

212 3923 300 3978 VAR
401 3930 433 3979 13
453 3925 582 3980 octonem
602 3922 693 3977 PAR
726 3923 902 3979 cotoniumn
999 3932 1031 3979 14
1049 3926 1171 3995 myrtum
1195 3926 1252 3981 VA
1285 3927 1349 3981 mir·

204 4013 320 4068 tumbe
1278 4045 1282 4051 ·

279 4109 310 4158 15
330 4103 392 4157 LXI
411 4103 488 4170 Quae
507 4102 670 4172 diligentius
688 4102 837 4172 propagari
855 4103 933 4158 uoles
952 4103 979 4156 A
993 4103 1037 4158 Vb
1130 4111 1162 4158 16
1181 4105 1261 4160 auiae
1280 4107 1350 4160 Aen

206 4192 296 4246 aniles
315 4193 363 4260 Pf
377 4193 504 4260 auiiasb
596 4198 627 4246 17
649 4208 712 4244 cum
729 4190 763 4244 iis
784 4191 844 4244 PA
867 4208 929 4245 cum
949 4190 1022 4246 eisb
1047 4209 1110 4246 cum
1129 4192 1172 4247 bis
1190 4209 1205 4247 e
1223 4209 1287 4248 cum
1307 4196 1349 4249 bis

206 4280 240 4345 fo
316 4280 364 4334 ubi
381 4278 490 4334 radices
509 4281 622 4349 capiani
646 4280 736 4334 VAR
754 4279 862 4334 radices
880 4281 922 4334 uii
941 4282 1055 4350 cepioni
1072 4282 1151 4349 infra
1168 4298 1190 4336 c.
1211 4287 1266 4338 133

207 4373 241 4422 20
259 4367 366 4437 inpleto
384 4368 412 4420 A
444 4368 560 4438 impleto
584 4370 640 4423 VR
746 4368 776 4422 in
799 4369 899 4423 arbore
917 4370 1080 4439 relinquito,
1103 4371 1152 4426 ubi
1170 4371 1277 4426 bimum
1298 4374 1350 4429 erit

205 4458 401 4525 infrac133
482 4458 511 4512 in
529 4461 656 4515 arborem
681 4461 769 4516 VAR
