3000 5026
465 235 598 292 RERVM
616 234 854 291 RVSTIOARVM
872 236 939 292 LIB.
958 237 982 290 ll
1003 233 1020 289 1
1254 235 1320 299 205

180 405 275 465 extitit
296 401 420 486 nullum,
442 409 478 464 ut
495 403 624 464 credidit
641 402 824 482 Pythagoras
844 402 960 463 Samius
979 409 1009 462 et
1027 401 1201 462 Aristotcles
1221 401 1319 480 Stage-

179 513 266 591 ritcs,
296 527 420 571 necesse
452 517 498 570 cst
523 508 668 571 humanae
697 511 773 570 vitae
801 509 837 569 ab
865 527 979 570 summa
1006 511 1148 569 memoria
1176 508 1320 587 gradatim

180 616 369 678 descendisse
392 616 428 676 ad
451 616 527 677 hanc
550 624 685 697 aetatem,
709 623 743 676 ut
766 615 871 675 scribit
893 614 1099 692 Dicaearchus,
1123 623 1154 676 et
1172 632 1319 675 summum

179 723 300 802 gradum
333 724 425 784 fuisse
458 723 635 804 naturalem,
669 741 737 784 cnm
768 724 902 782 viverent
929 722 1063 783 homines
1092 741 1128 782 ex
1155 724 1193 781 iis
1221 720 1319 800 rebus,

136 843 165 886 5
180 848 253 909 quac
280 829 418 891 inviolata
446 828 525 890 ultro
553 831 645 890 ferret
672 837 765 890 terra:
794 847 829 888 ex
855 828 909 888 hac
933 832 991 890 vita
1014 832 1045 889 in
1068 828 1228 890 secundam
1251 827 1346 887 des-4

180 936 314 997 condisse
346 938 548 1018 pastoriciam,
582 955 597 996 e
630 938 703 997 feris
731 944 819 1014 atque
847 935 1013 1014 agrestibus
1040 944 1074 996 ut
1102 934 1259 995 arboribus
1286 950 1319 992 ac

180 1042 313 1121 virgultis
342 1041 404 1120 [ac]
433 1042 619 1122 decerpendo
648 1043 796 1122 glandem,
824 1041 976 1124 arbutum,
1004 1061 1099 1125 mora,
1125 1060 1212 1122 poma
1240 1039 1320 1100 colli·

181 1158 282 1225 gerent
310 1150 345 1211 ad
373 1167 475 1231 usum,
508 1151 551 1210 sic
579 1168 616 1209 cx
643 1148 819 1209 animalibus
847 1167 915 1210 cum
942 1156 1064 1228 propter
1092 1148 1214 1208 eandem
1243 1145 1320 1207 utili·

183 1262 280 1335 tatcm,
309 1273 385 1334 quae
413 1264 548 1337 possent,
577 1255 722 1316 silvestria
750 1255 970 1333 deprenderent
998 1275 1032 1315 ac
1056 1254 1268 1315 concluderent
1291 1259 1321 1312 et

105 1380 155 1427 ιο
184 1371 429 1424 mansuescerent.
479 1365 510 1422 in
543 1364 609 1441 quis
642 1365 772 1442 primum
803 1380 863 1422 non
895 1364 959 1423 eine
995 1380 1081 1424 causa
1114 1369 1219 1439 putant
1251 1350 1320 1418 orte

179 1466 348 1547 adsumptae
371 1476 402 1529 et
424 1477 546 1548 propter
570 1468 726 1529 utilitatem
751 1477 781 1529 et
798 1477 921 1547 propter
939 1469 1147 1547 placiditatem.
1193 1466 1319 1525 maxime

178 1576 256 1635 enim
287 1575 343 1634 hae
371 1584 476 1636 natura
509 1578 626 1654 quietae
654 1584 685 1637 et
707 1577 877 1654 aptissimae
901 1575 937 1634 ad
961 1577 1048 1635 vitam
1072 1573 1234 1633 hominnm.
1285 1569 1320 1630 ad

172 1679 277 1742 cibum
308 1683 387 1741 enim
415 1682 489 1742 lacte
519 1692 548 1742 et
576 1700 693 1743 caseum
721 1682 899 1762 adhibitum,
927 1681 963 1742 ad
992 1699 1100 1761 corpus
1128 1681 1267 1740 vestitum
1292 1683 1322 1736 et

158 1785 269 1861 pelles
298 1785 477 1849 adtulerunt.
523 1791 612 1849 tertio
636 1790 763 1867 denique
787 1789 880 1867 gradu
907 1806 924 1847 a
951 1791 1009 1848 vita
1032 1787 1172 1867 pastorali
1195 1787 1230 1846 ad
1254 1784 1372 1863 agrib'

105 1907 123 1946 ⁵
153 1891 326 1953 culturam
354 1893 585 1974 descenderunt,
613 1898 642 1954 in
673 1913 730 1974 qua
753 1913 789 1955 ex
813 1894 928 1955 duobus
952 1894 1092 1974 gradibus
1115 1893 1321 1974 superioribus

141 2003 369 2061 retinuerunt
397 2000 500 2083 multa,
529 2009 559 2061 ct
586 2020 645 2080 quc
671 2001 899 2081 descenderant,
927 2001 969 2061 ibi
991 2009 1203 2080 processerunt
1225 2001 1320 2080 longe,

132 2103 248 2166 darm
286 2108 322 2167 ad
359 2125 412 2167 nos
444 2109 621 2185 perveniret.
676 2110 764 2168 ctiam
797 2126 875 2167 nunc
908 2109 939 2167 in
971 2107 1054 2168 locis'
1077 2107 1177 2168 multis
1211 2125 1318 2185 genera

121 2212 328 2285 pecudum
356 2213 485 2273 ferarum
515 2221 585 2274 sunt
612 2212 736 2292 aliquot,
769 2212 805 2273 ab
834 2214 950 2295 ovibnS,
983 2225 1016 2275 ut
1043 2216 1074 2275 in
1101 2214 1240 2295 Phrygia,
1269 2213 1320 2273 ubi

269 2479 282 2526 1
318 2472 464 2543 stagerites
495 2472 578 2527 VAB
606 2472 748 2542 stagiritee
777 2475 923 2529 lucendus
1012 2481 1028 2528 2
1056 2475 1206 2530 humanam
1233 2474 1321 2529 uitam

117 2551 303 2616 Ursinus
409 2562 445 2615 ad
472 2577 581 2615 summa
607 2561 742 2617 memoria
769 2563 826 2616 PB
858 2580 876 2617 a
907 2579 1016 2617 summa
1044 2563 1178 2620 memoria
1200 2566 1258 2618 Am
1285 2564 1322 2618 ad

125 2657 318 2704 'ammam
342 2650 504 2706 memoriam
527 2667 544 2705 c
651 2657 668 2704 4
696 2667 729 2704 ex
751 2650 786 2703 iis
815 2651 841 2705 V
863 2667 896 2704 ex
919 2651 963 2704 his
986 2653 1047 2706 AB
1155 2660 1171 2708 ὁ
1199 2670 1233 2707 ex
1255 2655 1321 2724 hac]

133 2747 171 2784 Χ
228 2757 270 2794 ac
292 2741 320 2795 A
393 2740 613 2809 dpastoritiam
640 2738 667 2792 V
738 2742 823 2805 atquc
845 2739 894 2792 Bo
917 2741 1008 2808 adque
1031 2741 1087 2794 PA
1161 2748 1175 2795 l
1204 2757 1236 2794 ac
1260 2749 1323 2797 ante

139 2828 361 2899 -ecarpendo
388 2828 619 2893 calceandos,
642 2827 706 2881 cdd.
731 2827 821 2881 VAB
863 2827 912 2880 ‘Ia
930 2831 1112 2883 uetustissimo
1131 2829 1322 2897 Decarpendo,

144 2913 274 2972 adem
297 2919 405 2973 ratione
427 2935 483 2987 quc
501 2921 583 2970 autea
605 2916 771 2969 ostendimus
788 2931 890 2983 semper
908 2915 1048 2987 Aspcrpo,
1072 2923 1097 2970 et
1116 2917 1273 2985 Coasparqo
1291 2919 1323 2970 ia

150 3009 166 3045 ²
202 3009 359 3077 scriptum
373 3012 478 3062 esceset
492 3006 568 3074 apud
583 3003 710 3057 (latonam
723 3005 772 3058 boc
785 3005 876 3072 ipsam
895 3007 1007 3059 mabam
1020 3006 1158 3075 Decarpo’
1185 3005 1322 3060 Victorius
1427 3028 1429 3033 ·

252 3096 384 3150 arbatum
407 3095 553 3150 laceratus
576 3093 719 3148 arbustum
747 3091 848 3160 VAB,
872 3095 921 3148 ubi
944 3092 966 3148 o'
991 3096 1070 3148 ntum
1089 3097 1280 3164 sapaecrc'peit
1298 3095 1327 3148 P

252 3184 419 3253 colligerent
452 3183 539 3237 VAB
568 3180 742 3250 collegerant
768 3182 794 3235 Ι.
823 3181 860 3236 F.
888 3182 1043 3238 Gronovius
1070 3186 1148 3253 apud
1176 3185 1323 3239 Graeciam

170 3269 224 3319 Εὐ.
256 3272 470 3340 Hested.p.17
542 3270 692 3339 9poseent
709 3270 769 3323 AB
787 3273 904 3340 poscunt
927 3272 953 3326 V
1023 3273 1212 3342 dependerent
1235 3274 1324 3328 VAB

176 3360 421 3420 aprehenderat
434 3360 578 3414 locandus
633 3365 667 3412 10
685 3359 925 3414 mansuefecerant
939 3360 1095 3416 &abactae
1112 3364 1130 3416 l.
1144 3379 1166 3416 c.
1223 3369 1255 3415 11
1275 3364 1323 3417 ad-

185 3451 307 3516 ·mptae
326 3449 355 3501 A
379 3452 536 3518 assumptas
560 3448 616 3502 VB
688 3447 860 3508 hutilitatem
878 3449 907 3503 A
978 3453 1006 3504 et
1024 3454 1138 3521 propter
1155 3449 1323 3505 facilitatem

189 3539 260 3591 m.
293 3535 459 3592 facilitatem
487 3537 538 3604 Aa)
569 3538 783 3604 sapaocriptam
814 3538 846 3591 in
873 3538 902 3591 A
986 3539 1181 3608 placiditatem
1212 3557 1228 3594 v
1256 3539 1323 3594 laci·

195 3615 299 3680 tatem
329 3625 358 3678 P
381 3625 572 3679 lacciditatem
595 3626 621 3678 B
648 3623 815 3679 facilitatem
841 3643 869 3679 m
977 3633 1010 3681 12
1043 3629 1116 3683 enim
1144 3629 1197 3684 hae
1225 3631 1325 3684 natura

206 3702 292 3767 ictae
310 3713 369 3765 AB
385 3713 458 3767 eninr
472 3714 526 3766 hae
541 3712 652 3780 quietae
662 3714 691 3767 P
702 3713 775 3767 enim
790 3714 902 3780 quietae
915 3732 931 3769 v
988 3723 1020 3770 13
1036 3717 1194 3773 adhibitum
1207 3718 1263 3772 VB
1277 3719 1323 3773 ad·

211 3794 282 3854 tum
307 3802 350 3869 A,
374 3802 469 3855 delevit
493 3800 610 3855 Ursinus
681 3819 780 3872 corpus
803 3803 916 3858 inclusit
935 3804 1115 3861 Schneiderue
1131 3848 1136 3860 .
1151 3809 1266 3873 sericam
1288 3808 1325 3861 ad

215 3890 305 3951 'poris
327 3891 460 3944 vestitum
516 3896 549 3943 14
572 3889 733 3944 adtulerunt
751 3891 807 3945 ΡΑ
826 3893 983 3948 attulerunt
999 3895 1048 3949 Bo
1103 3895 1189 3949 tercio
1208 3896 1236 3947 A
1291 3901 1323 3948 16

222 3973 248 4045 t]
270 3997 340 4046 qnos
359 3979 418 4031 Ara
491 3979 545 4032 ‘lbi
560 3983 755 4048 processerunt
768 3979 859 4050 longe,
879 3980 945 4034 dum
959 3983 995 4035 ad
1009 3998 1059 4037 noe
1073 3982 1239 4052 perueniret.
1276 3982 1324 4034 Ita

229 4063 339 4122 iectura
362 4069 459 4122 ductas
482 4069 624 4122 mendam
638 4088 647 4120 .·
660 4075 723 4123 ante
746 4071 777 4122 iu
800 4071 918 4137 mensis,
945 4077 970 4125 et
991 4088 1077 4125 manu
1099 4071 1223 4139 scriptia,
1252 4070 1323 4123 Dum

235 4168 270 4209 us
284 4156 454 4225 peruenirct’
475 4152 611 4211 Victoriae
665 4163 698 4211 17
719 4157 784 4211 dnm
799 4176 886 4213 annus
900 4159 1059 4228 perueniret
1077 4160 1166 4215 VAB
1221 4165 1254 4213 18
1273 4152 1323 4213 ali'ss

240 4243 251 4294 t
271 4245 306 4297 ab
325 4245 425 4299 ouibus
444 4262 459 4297 e
479 4244 592 4313 aliquod
610 4228 646 4300 ab
666 4247 764 4300 ouibus
783 4248 840 4302 PB
858 4247 972 4315 aliquod
991 4249 1028 4303 ab
1047 4247 1146 4304 ouibus
1164 4248 1279 4318 aliquod
1297 4249 1325 4303 A
1376 4299 1380 4307 .

252 4334 366 4403 phrigia
383 4335 411 4386 B
