3000 5026
406 323 535 379 RERVM
556 323 790 380 RVSTICARVM
808 326 876 380 LIB.
896 327 923 379 ΙΙ
943 324 1062 380 10-11
1254 327 1319 393 259

178 491 349 575 minoribus,
372 501 406 553 ut
429 499 498 552 sunt
523 499 553 551 et
576 493 665 552 Attici
688 501 718 552 et
741 495 806 553 mei.
854 497 1067 574 septingenarii
1090 497 1167 555 enim
1192 498 1319 577 meiztu,

176 600 295 678 opinor,
323 601 542 678 octingenarios
567 598 710 680 habuisti,
740 619 794 660 nec
818 608 915 661 tamen
941 621 1012 682 non,
1040 609 1074 662 ut
1097 621 1165 682 uos,
1193 605 1317 664 arietum

176 705 329 765 decumam
361 716 484 785 partem.
540 705 576 768 ad
609 724 752 784 equarum
786 726 905 787 gregem
938 711 1222 787 quinquagenarium
1255 709 1318 770 hini

176 812 322 893 homines,
351 816 454 892 utique
483 821 616 893 uterque
634 813 741 873 horum
765 823 798 874 ut
822 834 922 876 secum
947 816 1053 876 babeat
1077 835 1168 895 equas
1192 817 1317 877 domitas

151 918 306 997 osingulas
332 921 363 978 in
386 920 432 980 his
457 920 641 999 regionibus,
670 923 700 980 in
725 920 833 999 qriibus
857 921 1000 982 stabulari
1023 922 1119 983 soient
1142 942 1233 1002 equas
1257 923 1315 983 abi-

175 1043 255 1105 gere,
280 1033 314 1086 ut
338 1029 368 1086 in
391 1027 495 1106 Apulia
519 1030 602 1087 etin
626 1027 755 1088 Lucania
779 1029 885 1088 accidit
909 1048 1005 1108 saepe.

261 1131 404 1202 Quoniam
434 1137 579 1212 promissa
607 1134 799 1215 absolvimus,
828 1138 938 1217 inquit,
966 1154 1074 1196 eamus.
1126 1137 1156 1197 Si
1186 1138 1314 1218 quidem,
1333 1136 1373 1198 Xl

175 1242 305 1320 inquam,
333 1242 502 1301 adieceritis
530 1242 566 1301 de
596 1242 830 1302 extraordinario
858 1243 1004 1321 pecudum
1034 1244 1147 1324 fructu,
1175 1253 1210 1305 ut
1231 1263 1314 1323 prae-

174 1347 283 1406 dictum
308 1355 362 1427 est,
386 1348 422 1407 de
446 1348 520 1408 iacto
545 1351 574 1408 in
599 1369 633 1409 eo
658 1360 687 1409 et
710 1349 938 1424 tonsuratione
953 1368 971 1407 *
985 1357 1031 1410 est
1054 1354 1184 1411 omnium
1204 1370 1314 1432 rerum,

128 1465 155 1504 10
174 1472 243 1532 quas
266 1454 326 1513 eibi
344 1474 432 1515 causa
451 1458 593 1535 capimus,
617 1456 792 1535 liquentium
813 1459 937 1517 maxime
957 1457 1063 1537 aiibile,
1087 1465 1117 1517 et
1136 1458 1164 1517 id
1184 1457 1314 1537 ovilium,

175 1560 215 1637 [in
248 1562 426 1640 caprinum}
477 1564 554 1641 quod
588 1571 686 1623 autem
720 1567 844 1624 maxime
877 1574 1051 1644 perpurget,
1085 1572 1130 1624 est
1162 1558 1331 1645 equinum,¹

175 1675 232 1726 tum
261 1670 422 1747 asininum,
450 1669 518 1729 dein
545 1668 702 1751 bubulum,
732 1679 794 1730 tum
822 1673 984 1749 caprinum.
1031 1671 1082 1730 sed
1108 1670 1214 1730 horum
1239 1675 1337 1731 sumi

172 1773 340 1834 discrimina
369 1776 512 1854 quaedam
541 1784 570 1837 et
597 1795 613 1836 a
643 1777 826 1854 pastionibus
850 1785 880 1837 et
904 1797 918 1836 a
943 1778 1090 1856 pecudum
1114 1787 1219 1837 natura
1244 1785 1312 1836 eta

169 1890 264 1949 motu:
298 1901 313 1940 a
347 1883 543 1963 pastionibus,
577 1884 655 1961 quod
687 1885 719 1944 m
746 1884 782 1943 ab
810 1885 922 1944 hordeo
951 1892 980 1944 et
1009 1884 1104 1962 stupla
1134 1891 1163 1943 et
1192 1886 1311 1943 omnino

100 1998 118 2034 ·›
163 1986 249 2047 arido
279 1995 309 2048 et
338 1989 421 2048 firmo
446 1989 512 2050 cibo
537 1990 649 2067 pecude
673 2000 768 2071 pasta,
797 1992 831 2051 ad
856 1991 1098 2069 perpurgandum
1122 2009 1168 2071 ea,
1196 2008 1311 2069 quaea

238 2201 251 2248 1
272 2199 304 2250 ub
322 2198 387 2250 suni
406 2198 435 2250 eb
453 2195 494 2250 eit
512 2195 562 2250 tici
579 2197 678 2252 etmel
691 2198 891 2267 septingenarii
904 2199 978 2252 enim
993 2217 1037 2253 me
1050 2201 1082 2252 tu
1097 2198 1195 2267 opinor
1210 2197 1265 2250 ΡΒ
1280 2199 1311 2249 nb

152 2287 232 2338 suni
246 2287 276 2339 et
289 2287 333 2338 att
348 2285 397 2338 tici
412 2285 441 2339 et
455 2285 510 2339 mel
524 2287 712 2356 septingensri
724 2287 797 2341 enim
812 2304 856 2341 me
870 2290 903 2342 tu
917 2288 1017 2357 opinor
1026 2288 1053 2341 A
1067 2290 1100 2342 ub
1112 2289 1176 2340 sunt
1189 2288 1219 2359 eb
1228 2284 1310 2339 urbici

150 2376 198 2426 et
214 2375 300 2428 semel
318 2375 538 2444 septigenarinm
557 2375 631 2430 enim
649 2377 726 2430 metu
745 2376 845 2446 opinor
859 2395 885 2430 m
903 2379 936 2431 ut
949 2379 1014 2431 sunt
1027 2375 1117 2430 Attici
1131 2374 1309 2430 Tbremellius

150 2461 367 2532 septingennrii
386 2464 461 2517 enim
479 2465 534 2518 mei
552 2465 585 2518 ub
602 2463 701 2533 opinor
719 2465 751 2518 bu
768 2482 801 2518 o.
815 2463 864 2518 ‘Vt
881 2466 947 2519 sunt
961 2465 1056 2532 Attici,
1076 2467 1106 2519 et
1123 2463 1187 2530 mei,
1207 2463 1309 2533 septin-

144 2549 273 2618 gensrii
297 2550 371 2605 enim
395 2552 463 2619 mei,
486 2552 530 2606 ini
548 2552 658 2621 opinor,
682 2554 735 2608 etc.
772 2554 890 2608 Auritio
908 2557 1084 2623 antiquorum
1102 2555 1237 2618 codicum,
1260 2554 1309 2607 od·

145 2638 252 2696 hibita
266 2642 391 2708 paruulo
408 2642 559 2707 industrio,
578 2642 665 2716 locum
682 2642 750 2709 (uisi
763 2642 856 2710 folior)
870 2644 993 2712 purpaui
1007 2661 1013 2693 ε
1029 2649 1111 2697 autea
1128 2644 1199 2696 euim
1217 2659 1309 2696 maeu-

146 2727 236 2784 losue
257 2735 318 2785 eret
341 2760 374 2768 —
402 2728 437 2783 Vt
461 2735 552 2783 tomeu
574 2730 691 2783 studiosi
708 2734 776 2782 reete
794 2731 827 2783 de
843 2730 894 2784 boc
911 2732 1037 2786 iudicare
1051 2733 1172 2799 possint,
1195 2736 1329 2785 ueterem

148 2815 301 2874 lectionem
324 2836 386 2874 eum
408 2820 461 2885 fide
480 2819 635 2884 adponam:
654 2817 693 2869 Vt
711 2819 774 2869 sunt
793 2819 822 2869 eb
840 2818 882 2869 eit
899 2819 963 2885 tici,
988 2820 1017 2872 eb
1034 2820 1098 2874 mei.
1119 2818 1308 2887 septingenari

149 2909 237 2962 enim
246 2926 291 2963 me
300 2910 333 2962 tu
343 2908 449 2976 opinor,
461 2906 525 2960 eic’
544 2905 678 2958 Victorius
724 2909 739 2955 2
755 2903 961 2974 octingensrios
971 2923 986 2959 o
997 2906 1204 2974 octingenarius
1217 2908 1307 2959 PAR

216 3017 398 3070 3decumam
418 3012 511 3067 PAB
530 3011 702 3065 decimamr
757 2976 907 3079 niquarum
927 3014 954 3065 A
1009 3011 1266 3081 quinquagenarum
1280 3012 1308 3066 A

234 3103 387 3160 dlucaniis
405 3103 465 3156 AB
485 3101 590 3156 lucanis
619 3101 669 3155 Vm

234 3201 248 3248 7
278 3193 415 3258 Quoniam
443 3190 591 3261 promissa]
616 3190 657 3242 De
686 3189 760 3243 lacte
783 3191 814 3244 iu
837 3191 960 3259 marpiue
981 3191 1095 3244 rubrica
1117 3190 1145 3244 A
1216 3191 1307 3259 inquit

157 3295 256 3337 eamus
276 3284 303 3337 Β
322 3281 420 3349 inquid
435 3297 449 3334 e
466 3283 470 3351 Ι
486 3297 546 3334 mus
560 3280 588 3334 A
602 3295 697 3333 eamus
711 3277 804 3346 inquit
821 3280 848 3333 V
889 3285 904 3332 8
924 3280 1017 3334 fructu
1031 3282 1063 3332 ut
1075 3280 1249 3349 praedictum
1264 3282 1308 3335 est

161 3365 301 3427 Victorius
319 3372 412 3426 fructu
430 3370 604 3440 praedictum
623 3368 667 3422 est
684 3367 773 3421 VAB
819 3373 834 3420 9
853 3369 968 3434 fortasse
987 3368 1021 3422 de
1039 3369 1114 3422 lacte
1129 3372 1158 3422 et
1172 3386 1266 3424 caseo.

160 3457 552 3516 tonsuralanaeeseomnium
562 3455 875 3514 PABtonsurelanae.
895 3458 938 3511 est
947 3457 1020 3511 enim
1029 3458 1075 3512 lac
1085 3457 1235 3512 omniumr
1273 3466 1306 3514 10

160 3547 218 3604 eibi
231 3551 378 3604 Iueuudus
396 3547 475 3618 cibilj
490 3548 518 3602 A
536 3547 613 3602 oibili
628 3546 686 3599 PB
703 3544 756 3599 ribi
774 3563 801 3599 m
819 3545 904 3600 cibali
922 3564 946 3601 o.
967 3547 1020 3600 ‘Iu
1037 3549 1218 3603 uetustissimo
1236 3550 1306 3603 libro

163 3635 254 3707 Oibili,
273 3641 406 3707 seriptum
425 3644 475 3704 est,
494 3642 518 3691 et
536 3638 568 3690 iu
586 3637 651 3690 otiis
669 3637 730 3689 item
753 3635 905 3689 uouuuiiis’
932 3636 1070 3690 Victorius
1141 3637 1258 3690 ouillum
1276 3638 1305 3690 in

162 3729 304 3796 caprinum
320 3728 411 3781 PAB
429 3726 534 3781 ouilnm
552 3725 616 3779 inde
635 3725 808 3794 caprinumo
864 3729 897 3777 12
917 3725 982 3779 dein
999 3724 1136 3778 bubulum
1149 3726 1205 3779 PA
1225 3725 1305 3780 deinc

160 3808 296 3871 bubulum
311 3818 340 3871 B
358 3817 458 3871 deinde
475 3814 612 3869 bubulum
626 3831 641 3868 o
698 3819 729 3866 13
748 3816 777 3867 et
791 3830 808 3866 u
822 3813 959 3881 pecudum
975 3845 1007 3853 -
1022 3814 1199 3883 pastionibus
1212 3832 1262 3870 om.
1277 3816 1305 3867 A

217 3910 244 3961 et
262 3910 371 3960 amotu
388 3905 446 3958 PB
459 3906 487 3958 et
500 3904 607 3958 muletu
620 3921 645 3957 o.
668 3903 783 3968 fortusse
796 3903 825 3955 et
839 3903 874 3956 ab
889 3905 952 3956 ortu
1008 3909 1041 3956 14
1060 3904 1145 3958 ordeo
1164 3903 1251 3957 VAB

162 3992 254 4064 stapla
269 3995 358 4050 PAB
378 3994 483 4063 stipula
500 4010 546 4047 mo
603 3997 636 4045 15
654 3993 738 4060 pasta
754 3990 784 4044 id
803 3990 898 4044 alibile
916 3991 1062 4046 Iucuudus
1117 3992 1172 4044 ‘Ad
1190 4008 1302 4059 perpur-

164 4084 284 4144 gandum
302 4086 340 4151 id,
360 4084 433 4153 quod
452 4099 469 4135 a
487 4082 579 4148 uiridi,
599 4083 651 4135 etc.
681 4079 909 4148 Corruptissimam
927 4081 971 4133 bic
990 4081 1063 4134 iocus
1082 4086 1120 4133 est
1133 4083 1164 4134 iu
1179 4083 1303 4135 omuibus

164 4175 283 4242 antiquis
311 4175 457 4228 codicibus.
498 4172 643 4242 Receptam
670 4171 757 4238 ipitur
786 4170 923 4222 lectionem
949 4171 1075 4224 retinui:
1089 4186 1163 4222 nume
1190 4176 1303 4224 ueterem

164 4261 339 4329 scripturam,
359 4280 420 4315 cum
437 4262 565 4314 maiorem
583 4261 690 4314 mutium
708 4276 784 4328 opem
801 4259 930 4314 studiosis
949 4259 1056 4324 adferre
1079 4276 1188 4326 queam,
1210 4265 1303 4314 uotum

166 4343 274 4419 taram,
287 4359 312 4407 et
326 4368 385 4406 eum
400 4351 482 4403 totius
492 4350 639 4417 perioches,
653 4365 687 4402 ue
700 4337 798 4402 iteruui
808 4348 899 4401 eadem
907 4349 1050 4415 repetemto
1060 4349 1168 4414 frustra
1177 4350 1302 4418 laborem,

168 4439 220 4487 aut
235 4456 282 4508 eos,
300 4443 348 4510 qui
366 4441 431 4494 boec
450 4440 543 4507 tepent,
561 4436 649 4506 mu'pis
663 4437 835 4506 perturbem:
856 4436 899 4489 Ad
917 4439 1143 4507 perpurgendum
1162 4454 1206 4509 ee,
1231 4456 1302 4507 quaa
