3000 5026
485 337 532 392 DE
551 338 641 394 AGRI
660 341 830 399 CVLTVRA
845 342 878 398 C.
899 345 1026 405 37—39
1280 347 1324 412 45

179 500 331 562 fornacem
358 503 495 587 habebis,
523 506 575 567 ubi
603 509 692 568 iacias
721 508 841 591 lateres,
873 529 1016 570 summam
1046 514 1167 573 statuito
1186 521 1238 573 aut
1261 532 1324 574 cae-

177 612 288 678 mentis
309 629 378 671 cum
397 611 459 673 luto
474 631 618 675 summam
638 617 824 677 extrinsecus
840 617 972 678 oblinito.
1010 637 1078 679 cum
1101 621 1200 696 ignem
1224 609 1363 680 subdi-4
1459 601 1463 608 ⁸

177 715 274 797 deris,
298 720 382 796 siqua
405 718 520 780 flamma
544 721 636 784 exibit
655 725 714 783 nisi
731 742 785 802 per
804 724 907 784 orbem
923 743 1079 805 summum,
1104 725 1165 786 loto
1189 726 1321 786 oblinito.

176 830 286 883 ventus
315 824 350 884 ed
374 826 576 903 praefurnium
605 839 707 891 caveto
735 848 772 889 ne
796 829 929 890 accedat:
957 830 1032 891 inibi
1057 840 1192 892 austrum
1220 840 1321 892 caveto

148 931 313 990 emaxime.
355 931 411 991 hoc
426 934 503 1011 signi
518 936 582 1016 erit,
606 935 658 995 ubi
673 935 736 996 calx
761 944 842 997 cocta
859 939 928 1017 erit,
948 956 1080 998 summos
1094 938 1206 1017 lapides
1221 946 1322 999 coctos

175 1053 244 1096 esse
268 1037 430 1117 oportebit:
454 1042 525 1101 item
548 1042 769 1120 infimilapides
793 1046 870 1104 cocti
894 1044 1012 1126 cadent,
1036 1053 1065 1105 et
1088 1045 1203 1105 flamma
1223 1048 1321 1106 minus

175 1143 291 1204 fumosa
316 1145 416 1206 exibit.

267 1250 299 1310 Si
322 1251 399 1331 ligna
423 1259 454 1313 et
477 1255 574 1333 virgas
597 1273 656 1314 non
680 1258 793 1333 poteris
816 1256 943 1316 vendere
967 1274 1064 1336 neque
1087 1257 1215 1336 lapidem
1233 1258 1320 1319 habe·

175 1355 236 1437 bis,
261 1358 339 1419 unde
368 1359 478 1421 calcem
507 1379 631 1442 coquas,
659 1362 695 1422 de
723 1362 812 1441 lignis
840 1362 984 1423 carbones
1008 1365 1142 1443 coquito,
1170 1367 1267 1444 virgas
1291 1375 1321 1427 et

136 1479 162 1516 ιο
177 1472 339 1543 sarmenta,
369 1485 443 1545 qnae
467 1467 522 1527 tibi
544 1470 642 1528 usioni
666 1477 859 1550 supererunt,
882 1471 912 1528 in
937 1476 1036 1548 segete
1060 1469 1225 1532 conburito.
1268 1472 1320 1533 ubi
1355 1478 1361 1486 '

174 1588 224 1631 eas
248 1572 452 1654 conbusseris,
476 1575 518 1635 ibi
541 1594 668 1654 papaver
692 1577 791 1635 serito.
1183 1650 1184 1654 Ἰ

263 1677 319 1738 Vbi
347 1688 538 1760 tempestates
567 1682 659 1742 malae
686 1688 787 1763 erunt,
820 1701 888 1743 cum
917 1701 991 1761 opus
1019 1682 1084 1741 fieri
1112 1702 1171 1743 non
1199 1687 1318 1766 poterit,
1331 1695 1480 1755 xxxvllll

172 1790 292 1845 stercus
310 1766 345 1846 io⁴
361 1788 546 1850 stercilinum
566 1791 687 1867 egerito.
716 1788 825 1869 bubile‚
849 1789 933 1870 ovile,
957 1788 1118 1870 cohortem,
1132 1791 1229 1850 villam
1245 1791 1320 1852 bene

102 1967 106 1976 .
172 1899 309 1970 purgato.
351 1893 427 1954 dolia
442 1893 563 1973 plumbo
579 1897 688 1955 vincito
708 1894 753 1954 vel
769 1896 891 1955 materie
911 1913 1041 1974 qucrnea
1059 1890 1084 1974 †
1104 1897 1240 1958 virisicca
1258 1898 1319 1958 alli-

145 2005 251 2074 egeto.
292 2001 319 2058 si
347 1999 422 2060 bene
452 2003 577 2062 sarsoris
605 2008 656 2062 aut
685 2001 760 2061 bene
784 2001 948 2080 alligaveris
977 2010 1007 2061 et
1029 2003 1060 2060 in
1084 2003 1174 2062 rimas
1193 2003 1319 2064 medioa-

172 2110 307 2165 mentum
321 2106 466 2166 indideris
480 2094 615 2187 beneque
630 2110 784 2189 picaveriS,
799 2109 923 2188 quodvis
938 2107 1204 2169 doliumvinarium
1221 2111 1317 2171 lacere

170 2212 294 2288 poteris.
331 2214 579 2276 medicamentum
594 2217 625 2275 in
640 2214 750 2275 dolium
765 2215 821 2276 hoc
837 2215 924 2275 modo
948 2216 1050 2277 tacito:
1074 2234 1159 2276 cerae
1179 2231 1208 2276 P.
1228 2232 1318 2298 1,ιέ-

170 2319 253 2378 sinae
272 2333 302 2379 P.
320 2335 346 2401 1,
370 2320 501 2400 sulpuris
520 2337 549 2383 P.
573 2317 648 2383 c'c’e·
680 2322 753 2383 haec
777 2325 874 2382 omnia
898 2325 928 2382 in
952 2322 1073 2384 calicem
1092 2340 1201 2384 novum
1215 2324 1318 2406 indito,
1339 2331 1357 2386 2

243 2534 259 2580 9
279 2525 373 2596 virgas
393 2528 422 2582 et
440 2530 579 2615 sarmento
600 2528 675 2584 Ptin.
695 2533 732 2584 18
738 2571 746 2597 ,
764 2533 825 2586 229

243 2729 416 2778 lsummam
436 2723 553 2779 statuite
575 2724 671 2779 PAR
699 2720 837 2779 summum
858 2725 1009 2780 staunton
1100 2725 1234 2781 cementis
1253 2743 1316 2781 cum

168 2810 231 2866 luto
245 2830 384 2867 summam
398 2812 458 2866 AR
476 2813 610 2868 cementis
629 2831 693 2867 cum
711 2815 771 2868 luto
793 2831 984 2883 summamque
1000 2814 1028 2866 P
1045 2815 1166 2870 cementi
1180 2831 1317 2869 summam

168 2918 233 2955 cum
252 2902 343 2956 lutoo
362 2902 494 2958 cementis
514 2920 577 2956 cum
595 2903 655 2955 luto
670 2907 809 2956 summum
824 2902 892 2956 Vici.
966 2903 1080 2956 3flcma
1093 2902 1121 2956 A
1193 2905 1313 2958 bcootos

167 3006 230 3044 esse
249 3007 287 3045 oo
305 2992 362 3046 eod.
381 2991 469 3047 Lowr.
489 2995 597 3060 30,10,
617 2992 728 3045 coaetos
748 3007 808 3044 esse
829 2990 909 3044 PAb

240 3080 309 3134 alt.
328 3079 403 3135 XLV
429 3079 459 3134 Si
487 3080 564 3150 ligno
591 3081 619 3134 et
646 3078 741 3148 uirgas
768 3096 825 3133 non
851 3079 957 3148 poteris
985 3079 1105 3134 uendere
1128 3079 1226 3146 APb‚
1254 3081 1312 3134 siue

165 3169 284 3224 rubrica
301 3174 327 3223 et
344 3171 410 3224 noui
427 3171 529 3239 capitis
547 3169 684 3223 indictos
770 3173 909 3237 vesques
934 3168 990 3222 VR
1007 3185 1133 3238 quoquae
1152 3169 1180 3220 A
1266 3184 1311 3221 oo-

166 3257 249 3326 quito
274 3257 330 3311 VR
354 3259 488 3329 quoquito
508 3259 535 3312 A
609 3264 642 3312 10
661 3256 816 3312 comburito
840 3257 896 3311 VR
919 3257 1075 3312 comburito
1094 3256 1122 3310 A
1195 3261 1226 3309 11
1248 3273 1311 3310 oon-

165 3346 292 3401 bnsseris
309 3350 337 3401 A
356 3349 542 3403 combusseris
566 3347 623 3400 VR
693 3345 723 3400 in
741 3348 821 3414 (corr.
841 3346 891 3415 ibi)
910 3364 1034 3416 pepener
1051 3349 1079 3400 A

242 3441 275 3489 12
293 3437 326 3491 R.
344 3436 433 3493 XLVI
451 3435 507 3491 Ubi
523 3436 706 3505 tempestates
724 3435 797 3489 male
817 3437 898 3490 erunt
916 3436 983 3505 quid
997 3437 1057 3491 fieri
1070 3435 1159 3505 possit
1172 3435 1258 3504 (posit
1272 3436 1310 3502 A)

164 3523 250 3578 APb
289 3524 362 3590 Quid
384 3525 483 3580 confici
505 3542 555 3594 per
577 3523 775 3593 tempestatem
794 3522 930 3577 debeata
1038 3530 1071 3578 13
1090 3525 1120 3578 in
1138 3523 1310 3578 stercilinum

166 3631 279 3698 PAef
292 3631 322 3685 in
341 3631 552 3686 sterciliniumc
571 3632 605 3687 de
620 3629 825 3699 sterquilinioo
874 3663 876 3666 <
898 3607 1021 3687 colirtem
1036 3633 1062 3684 A
1135 3621 1311 3699 quebeamA

238 3720 369 3776 nirisicce
388 3722 489 3788 PAcf
515 3719 663 3775 uirisicab
695 3720 724 3774 et
750 3718 803 3772 uiti
828 3722 903 3774 sicca
924 3736 949 3773 o.
993 3719 1043 3774 ‘In
1060 3720 1263 3789 antiquissimo,
1286 3723 1312 3772 et

163 3811 270 3881 optimo
292 3812 382 3866 codice
404 3811 463 3865 sine
486 3810 674 3864 seiunctione
696 3807 751 3862 uiri
770 3808 851 3862 sicca.
889 3809 963 3863 locus
980 3813 1084 3876 tomen,
1107 3811 1139 3863 in
1161 3825 1190 3863 eo
1208 3823 1311 3878 quoqne

162 3905 234 3955 noto
261 3901 353 3956 moedi
379 3900 520 3968 adposita,
546 3900 678 3968 sipootos.
725 3897 787 3951 Hoc
813 3898 885 3952 enim
913 3913 1015 3966 semper
1042 3899 1166 3953 enecuit
1193 3898 1310 3966 cliiipens

163 3990 315 4056 lebrarius,
342 3994 374 4043 ut
397 4004 464 4058 quos
485 3989 555 4042 bros
577 3991 713 4056 suspectos
734 3986 854 4051 bobnet,
877 3986 974 4054 notula
996 3986 1141 4040 iudicaret'
1173 3986 1310 4039 Victorius

122 4071 127 4078 ’
240 4084 273 4132 15
291 4077 490 4133 medicemtum
504 4076 599 4145 priore
618 4076 674 4129 loco
693 4076 719 4128 A
807 4079 839 4128 16
863 4073 1016 4142 piooeueris
1034 4075 1062 4126 A
1149 4079 1181 4127 17
1201 4089 1263 4126 esre
1281 4072 1311 4125 A

163 4183 266 4224 caerae
290 4168 316 4222 V
333 4183 396 4238 cerp
414 4167 430 4220 b
449 4181 512 4239 cpre
531 4181 545 4218 c
626 4168 658 4217 18
678 4162 798 4232 sulpuris
817 4163 864 4217 Ae
882 4161 1022 4230 sulphuris
1041 4162 1056 4215 b
1062 4161 1080 4228 f
1094 4159 1207 4214 sulfuris
1231 4160 1309 4225 Vici„

163 4259 194 4313 et
218 4255 360 4326 sulphuris
385 4254 415 4310 V.
450 4253 557 4309 ‘testari
578 4252 660 4307 etiem
682 4253 809 4305 colurnus
831 4255 856 4304 et
872 4251 928 4317 bic,
952 4254 977 4303 et
994 4250 1148 4319 ubicmque
1166 4251 1198 4304 in
1212 4244 1309 4319 perire-

162 4352 238 4404 tuato
256 4347 307 4401 boe
325 4345 513 4400 coturnicem
530 4358 587 4396 uox
604 4345 656 4406 est,
679 4339 793 4410 Sulpur,
811 4355 912 4408 semper
930 4340 1062 4407 scriptum
1079 4339 1144 4393 esse'
1171 4339 1308 4394 Victorius

237 4437 269 4492 P.
288 4435 344 4489 c'c'
367 4433 466 4500 PAcf
478 4432 508 4506 P.
529 4431 570 4486 GC
590 4432 605 4485 b
624 4432 733 4500 partem
752 4429 902 4483 xxxmo
