3000 5026
256 321 320 384 184
749 318 936 375 VARRONIS

255 489 389 547 aeoessit.
436 505 504 548 nam
527 489 611 566 prius
635 487 764 567 radices,
787 505 874 565 qnam
902 506 937 547 ex
961 489 998 547 iis
1022 487 1102 566 quod
1122 487 1198 548 solet
1220 489 1317 564 nasei,
1340 506 1407 548 ere-

255 601 351 654 souut.
401 612 499 672 nequo
532 595 647 654 radices
675 594 792 670 longius
819 594 999 675 procedunt,
1032 595 1090 655 nisi
1120 613 1179 673 quo
1208 602 1295 673 tepor
1322 596 1409 655 veuit

255 700 334 762 solis.
384 700 493 779 duplex
528 719 616 761 causa
649 682 795 781 radicum,
834 701 912 779 quod
947 708 976 761 et
1008 702 1163 761 materiem
1195 700 1282 761 aliam
1314 719 1408 780 quam

254 806 339 867 aliam
358 807 476 886 longius
496 809 603 885 proicit
617 815 731 887 natura,
750 820 780 868 el
795 808 872 887 quod
889 808 943 868 alia
959 816 1038 869 terra
1053 806 1108 868 alia
1123 807 1240 869 laoilius
1253 810 1330 868 riam
1346 808 1408 869 dat.

140 911 226 972 xuvl
254 923 377 994 propter
401 917 487 976 ouius
510 914 591 974 modi
617 932 666 974 res
686 915 856 975 admiranda
875 915 1046 975 discrimina
1066 921 1136 975 sunt
1155 922 1261 975 natura
1280 914 1408 996 aliquot,
1435 927 1449 968 ⁵

254 1040 289 1081 ex
314 1019 492 1099 quibusdam
516 1020 594 1081 loliis
617 1030 740 1101 propter
763 1041 867 1082 eorum
891 1040 1052 1103 versuram,
1076 1021 1153 1100 quod
1179 1023 1219 1082 sit
1238 1023 1309 1082 anni
1327 1029 1406 1082 tem-

254 1146 323 1206 pus,
358 1134 392 1187 ut
418 1128 479 1188 diei
505 1130 613 1207 possit,
647 1136 681 1188 ut
708 1129 771 1189 olea
799 1136 829 1188 et
856 1129 984 1208 populus
1013 1128 1077 1189 alba
1107 1135 1138 1189 et
1161 1128 1243 1190 salix.
1294 1128 1407 1190 horum

255 1237 333 1294 euim
362 1233 429 1295 lolia
458 1254 527 1295 oum
555 1243 766 1296 converterunt
795 1254 840 1314 se,
876 1235 1036 1296 solstitium
1065 1235 1175 1296 dicitur
1199 1236 1300 1296 luisse.
1350 1254 1408 1297 neo

255 1343 353 1401 miuus
382 1342 586 1402 admirandum
616 1342 694 1422 quod
720 1344 753 1403 fit
776 1345 807 1402 lu
831 1340 968 1422 floribus,
998 1360 1073 1419 quos
1097 1349 1203 1403 vooant
1225 1340 1407 1422 heliotropia

255 1447 291 1508 ab
324 1467 373 1528 eo,
411 1449 490 1528 quod
523 1450 558 1508 ad
592 1449 663 1509 solis
695 1459 793 1510 ortum
825 1468 910 1509 mane
944 1455 1079 1526 spectant
1113 1456 1143 1508 et
1175 1450 1240 1508 eius
1273 1451 1333 1509 iter
1366 1451 1449 1510 ita1⁰

256 1564 401 1616 secuntur
423 1556 459 1616 ad
484 1574 635 1637 occasum,
659 1563 693 1616 ut
715 1556 751 1615 ad
776 1574 844 1616 eum
868 1573 987 1634 semper
1010 1563 1154 1634 spectent.

137 1660 241 1720 XLVII
353 1660 384 1722 ln
413 1665 572 1722 seminario
596 1681 671 1742 quae
695 1663 823 1723 surculis
847 1665 959 1722 consita
984 1669 1136 1722 eteorum
1160 1661 1292 1723 molliora
1318 1672 1411 1725 erunt

254 1776 360 1827 natura
395 1771 561 1849 eacumina,
595 1777 628 1830 ut
657 1769 720 1830 olea
749 1788 783 1829 ao
811 1770 898 1854 liorrs,
932 1786 966 1828 ea
995 1787 1109 1828 summa
1137 1768 1295 1848 integenda
1325 1769 1407 1831 binis

255 1873 370 1934 tabellis
394 1873 497 1935 dextra
520 1884 551 1936 et
574 1878 694 1936 sinislra
719 1876 844 1954 deligata
862 1875 1033 1954 herbaeque
1052 1875 1214 1954 eligendae.
1260 1895 1313 1937 eae
1331 1878 1405 1938 dum

253 1988 373 2042 tenerae
407 1990 489 2063 suut,
522 1983 680 2044 vellendae.
734 1985 818 2062 prius
846 1984 925 2042 euim
953 1983 1052 2042 aridae
1082 1982 1175 2043 laetae
1203 1984 1342 2044 rixantur
1369 1999 1443 2044 acu

253 2087 380 2149 celerius
410 2099 604 2170 rumpuntur,
629 2110 716 2170 quam
744 2096 895 2150 secuntur.
942 2095 1045 2149 eontra
1073 2088 1165 2149 herba
1193 2091 1224 2148 iu
1247 2092 1344 2168 pratis
1367 2091 1403 2151 ad

253 2213 335 2274 spem
360 2197 528 2257 faenisiciae
558 2207 625 2258 nata
649 2216 708 2257 non
731 2198 817 2257 modo
842 2215 901 2256 uon
926 2194 1077 2255 evellenda
1100 2196 1131 2255 iu
1154 2198 1322 2278 nutricatu,
1351 2197 1401 2258 sed

253 2303 341 2360 etiam
365 2321 424 2362 non
448 2303 595 2364 calcanda.
638 2323 696 2382 quo
721 2312 751 2364 et
774 2322 866 2383 pecus
889 2302 928 2363 ab
946 2309 1031 2381 prato
1050 2300 1245 2379 ablegandum
1263 2309 1295 2364 et
1315 2322 1401 2365 omne

253 2408 427 2489 iumentum,
451 2412 540 2470 etiam
562 2409 721 2471 hominem.
768 2410 864 2471 solum
888 2412 968 2470 euim
991 2409 1120 2469 hominis
1143 2411 1267 2471 exitium
1291 2410 1398 2472 herbae

120 2512 234 2573 XLVlll
254 2521 284 2575 et
315 2517 436 2575 semitae
464 2515 697 2577 fundamentum.
747 2518 777 2576 in
806 2515 957 2594 segetibus
985 2525 1083 2578 aulem
1110 2516 1309 2599 frumentum,
1340 2532 1494 2633 quot&

324 2711 449 2773 'tneque
467 2703 576 2759 radices
595 2706 705 2775 longius
726 2705 856 2774 lireoplrr.
876 2707 1044 2775 11111111.
1064 2707 1086 2758 I
1100 2711 1160 2772 7,1
1183 2705 1260 2762 Plio.
1281 2711 1328 2775 1⁶,
1346 2710 1392 2763 129

324 2799 339 2846 3
365 2809 448 2848 eausa
470 2793 596 2848 radicum
621 2794 909 2864 Odarie.p.142,14
982 2801 998 2849 5
1020 2796 1135 2864 propter
1158 2793 1237 2849 cuius
1260 2796 1340 2852 modi
1356 2785 1494 2906 MN,

255 2881 385 2950 Theophr.
409 2884 472 2940 hist.
489 2883 577 2952 plaut.
598 2885 620 2936 Ι
638 2887 716 2951 10,1
740 2885 937 2952 11111111

325 3066 337 3114 1
359 3078 444 3128 quam
468 3078 504 3116 ex
525 3059 560 3114 iis
584 3061 660 3129 quod
684 3062 775 3116 solent
794 3062 853 3116 PB
876 3079 931 3130 qua
953 3079 988 3117 ex
1009 3060 1045 3115 iis
1065 3059 1139 3129 quod
1158 3061 1252 3116 solent
1269 3059 1298 3116 A
1315 3079 1494 3152 qum*¹

251 3165 284 3200 ex
312 3147 347 3201 iia
377 3166 448 3216 quae
478 3148 607 3203 solento
685 3156 701 3202 2
729 3152 811 3217 tepor
838 3150 917 3204 uenit
944 3149 1011 3204 solis
1037 3149 1144 3219 Popma
1171 3151 1298 3219 tempora
1320 3166 1494 3230 netgffi

251 3234 317 3289 solis
333 3235 424 3288 PAB
442 3237 569 3307 tempore
588 3237 666 3292 uenit
684 3239 725 3292 sol
744 3237 821 3292 hiso
893 3237 1064 3293 3radioium
1080 3239 1224 3294 Charisius
1240 3257 1269 3308 p.
1285 3243 1359 3307 142,
1406 3258 1494 3314 :14

322 3324 468 3379 materiem
492 3327 552 3381 AB
579 3325 726 3382 materiam
755 3327 781 3381 V
860 3333 876 3380 5
900 3327 1065 3382 admiranda
1094 3328 1149 3382 VA
1172 3328 1366 3390 ammiranda.
1432 3339 1491 3392 B

321 3418 421 3468 natura
449 3413 566 3483 aliquod
591 3415 682 3471 PAB
709 3415 849 3470 naturalia
877 3416 952 3484 quod
970 3434 996 3470 m
1019 3434 1085 3471 nam
1108 3417 1247 3488 aliquota
1262 3461 1268 3473 .
1283 3419 1479 3486 forta-sse

250 3541 367 3593 naturae
386 3537 496 3607 aliquot
570 3546 602 3593 10
620 3539 657 3594 ad
675 3541 753 3614 solis]
771 3508 861 3598 1111111
879 3540 907 3596 A
979 3543 1160 3610 spectantem
1179 3559 1249 3599 corr.
1266 3543 1463 3613 spectant

245 3628 341 3694 priore
377 3630 436 3682 loco
464 3625 491 3680 A
566 3633 597 3681 11
627 3631 757 3684 secuntur
784 3631 845 3687 AB
878 3630 1031 3699 sequuntur
1061 3631 1088 3686 V
1166 3632 1296 3702 spectant
1327 3643 1456 3687 corr.

250 3718 377 3782 spectent
391 3716 541 3786 posteriore
559 3717 615 3770 loeo
634 3719 661 3770 A

323 3809 354 3856 13
384 3803 529 3858 eacumina
556 3808 823 3877 superscriptionem
846 3809 873 3862 A
946 3825 978 3863 oc
1001 3810 1069 3862 ficus
1099 3809 1153 3863 Vm
1177 3826 1209 3864 ao
1228 3811 1248 3864 fi
1266 3809 1326 3866 AB

322 3892 366 3963 ea]
387 3909 421 3946 oa
439 3908 507 3947 corr.
527 3909 560 3948 ea
578 3898 610 3948 ut
627 3895 735 3951 videtur
749 3896 777 3950 A
849 3895 1001 3965 integendo
1015 3896 1042 3951 A
1117 3901 1150 3950 14
1164 3896 1292 3968 deligata
1306 3885 1447 3953 PAB

249 3980 398 4053 alligatae
413 3981 545 4053 deligatis
560 3984 706 4040 Iucundos
778 3984 925 4058 eligendae
939 3986 967 4039 B
1039 4002 1088 4040 eae
1103 3984 1170 4039 dum
1190 3987 1247 4042 VB
1261 3989 1393 4043 cadum
1413 3969 1448 4024 Α

248 4090 316 4130 corr.
332 4073 436 4128 hedum
450 4072 491 4127 Α2
505 4072 557 4128 heo
572 4073 637 4127 dum
651 4091 677 4128 m
732 4079 766 4127 16
785 4074 989 4131 secunturAB
1003 4077 1156 4144 sequuntur
1171 4075 1197 4128 V
1248 4075 1347 4131 herba
1367 4069 1451 4119 ’²²¹’

248 4163 363 4217 herbam
374 4162 466 4216 PAB
514 4167 545 4218 17
560 4162 772 4218 fenisieiaeAB
786 4162 988 4218 foenisieiaoV
1032 4169 1064 4217 18
1079 4180 1133 4232 quo
1149 4156 1453 4234 etVBqui(cor‘·

248 4255 279 4305 ut
296 4252 407 4304 uidetur
425 4251 491 4318 quo)
511 4253 540 4304 et
554 4253 581 4304 A
601 4252 668 4320 quin
683 4252 712 4306 et
725 4269 751 4306 m
824 4253 860 4306 ab
877 4255 960 4321 prato
978 4253 1005 4304 P
1018 4253 1053 4306 ab
1068 4255 1163 4323 pratro
1178 4252 1206 4307 A
1220 4269 1237 4307 a
1251 4256 1339 4322 prato
1361 4233 1459 4298 ssv

319 4344 353 4391 20
385 4340 501 4404 sortasse
532 4339 665 4396 frumenti
698 4359 781 4410 quem
815 4340 922 4396 culmus
1013 4358 1067 4410 quo
1096 4340 1204 4396 culmus
1238 4341 1295 4395 VB
1322 4331 1440 4408 (11²⁰

248 4426 355 4480 culmus
374 4427 432 4482 Am
