3000 5026
166 315 230 380 llO
655 313 841 370 VARRONIS

137 482 288 562 titteris,
316 491 349 543 ut
377 483 407 542 in
435 481 549 560 multis,
577 481 637 542 dici
664 491 768 560 coepta
796 480 898 559 palma.
945 499 980 540 ex
1009 479 1099 539 altera
1123 489 1207 558 parte
1231 481 1309 557 parit

165 589 343 667 capreolum.
389 591 415 648 is
434 597 480 649 cst
499 587 642 649 coliculus
661 591 756 648 viteus
774 591 914 666 intortus,
938 594 972 647 ut
990 589 1160 646 cincinnus:
1184 588 1210 645 is
1229 588 1308 645 enirn

165 698 232 756 vitis
269 694 378 774 quibus
414 704 514 757 teneat
545 695 575 755 id
609 714 667 774 qua
698 697 792 773 serpit
823 694 859 754 ad
891 693 989 753 locum
1023 692 1212 773 capiendum,
1250 711 1309 771 quo

164 802 307 880 capiendo
344 803 499 882 capreolus
537 803 643 863 dictus.
702 821 789 863 omne
826 801 980 882 pabulum,
1023 803 1151 879 primum
1189 802 1309 861 ocinum

165 909 341 987 farraginem
371 911 487 988 riclam,
515 911 674 970 novissime
703 910 835 990 faenum,
863 911 966 969 secari.
1013 910 1132 968 ocinum
1156 908 1270 968 dictum
1294 927 1309 968 a
1335 916 1347 956 ὅ

165 1033 270 1092 graeco
299 1015 389 1077 verbo
418 1010 528 1096 ὠκέως,
558 1017 635 1095 quod
664 1016 739 1077 valet
762 1018 834 1095 cito,
863 1015 999 1077 similiter
1023 1015 1102 1095 quod
1126 1017 1256 1075 ocimum
1280 1017 1310 1074 in

165 1121 261 1184 horto.
306 1122 363 1183 hcc
391 1122 516 1202 amplius
545 1123 656 1184 (lictum
681 1125 815 1202 ocinum,
843 1123 922 1202 quod
946 1126 1017 1184 citat
1040 1121 1134 1182 alrnm
1157 1121 1258 1182 bubus
1281 1129 1311 1182 et

165 1228 231 1289 ideo
264 1231 300 1289 iis
333 1230 432 1309 datur,
465 1235 498 1289 ut
529 1237 703 1308 purgentur.
754 1230 783 1289 id
816 1238 862 1290 est
894 1249 928 1289 ex
963 1228 1050 1289 sabali
1083 1236 1184 1306 segete
1217 1229 1310 1289 viride

138 1337 297 1417 bsectum‚
320 1345 477 1415 antequam
501 1344 590 1414 genet
612 1337 748 1421 siliquas3
776 1344 878 1397 contra
903 1355 938 1396 ex
963 1344 1076 1415 segete,
1100 1335 1153 1396 ubi
1176 1343 1239 1396 sata
1262 1336 1310 1395 ad·

166 1444 256 1502 mixta
279 1442 424 1533 hcrdcunr
448 1451 478 1504 et
500 1445 574 1503 vicia
598 1452 628 1505 et
651 1445 811 1523 legumina,
839 1441 940 1522 pabuli
963 1460 1052 1504 causa
1075 1443 1182 1523 viride,
1211 1461 1226 1502 a
1253 1452 1348 1521 qu010

170 1547 254 1626 [tart]
274 1532 353 1610 lerrb
376 1568 460 1610 caesa
480 1550 596 1629 ferrugo
616 1551 702 1632 dicta3
722 1558 773 1612 aut
792 1550 885 1629 [nise]
902 1550 980 1629 quod
995 1551 1125 1628 primunr
1139 1551 1170 1608 in
1185 1549 1311 1610 tarracia

167 1664 267 1734 segete
300 1659 361 1716 seri
389 1665 500 1735 coepta.
552 1676 587 1716 eo
616 1661 686 1737 equi
713 1665 743 1718 et
770 1661 901 1719 iumenta
929 1664 1027 1717 cetera
1056 1675 1147 1716 verne
1175 1663 1310 1734 ternpore

167 1770 333 1840 purgantur
365 1782 398 1823 ac
431 1765 610 1842 saginantur.
661 1767 736 1826 vicia
769 1765 847 1826 dicta
879 1783 894 1824 a
926 1763 1094 1846 vinciendo,
1127 1763 1206 1842 quud
1239 1765 1310 1822 item

239 1986 254 2033 2
284 1981 444 2049 capreolum
474 1982 556 2036 Paul.
581 1981 654 2036 Fest.
674 1999 704 2050 p.
725 1986 824 2048 57,16
900 1987 918 2034 4
947 1981 1068 2050 primum
1097 1980 1207 2034 ocinum
1236 1979 1310 2033 Noa.

162 2086 193 2138 p.
213 2072 281 2136 550,
299 2074 337 2124 24
410 2075 425 2124 5
445 2070 556 2124 ocinum
576 2071 681 2126 dictum
700 2072 776 2126 Ptin.
796 2075 918 2140 18,143

241 2280 254 2327 1
290 2275 342 2327 ‘Ex
379 2275 469 2330 altera.
504 2277 592 2345 parte.
647 2276 749 2331 Veteres
786 2277 852 2330 libri
887 2277 931 2331 bic
963 2276 1132 2345 pertrabunt:
1167 2274 1314 2343 Receptam

168 2363 306 2417 lectionem
335 2365 452 2431 retinen,
484 2366 626 2433 antiquum
660 2370 750 2419 nutem
776 2382 851 2420 nunc
878 2370 971 2420 aotam
996 2365 1108 2432 faciam.
1154 2362 1196 2415 Ex
1223 2363 1314 2417 altera

168 2451 248 2520 parte
280 2450 356 2520 parit
387 2453 560 2521 capreolum,
597 2451 621 2507 is
653 2455 697 2508 est
730 2453 866 2507 coliculus
898 2454 990 2508 uiteus
1021 2454 1155 2519 intortus,
1191 2455 1225 2506 ut
1257 2454 1313 2506 cin·

169 2539 265 2593 cianus
280 2540 327 2594 :is
351 2541 425 2594 enim
455 2541 522 2596 uitis
545 2541 620 2609 quib.
644 2543 752 2596 teneat:
780 2540 811 2596 id
833 2559 890 2611 qua
913 2541 1000 2611 serpit
1024 2543 1059 2595 ad
1083 2541 1176 2595 locum
1200 2541 1312 2609 capien-

169 2628 236 2681 dum
258 2645 312 2696 quo
337 2629 473 2698 capiendo
496 2631 641 2698 capreolus
666 2631 768 2685 dictus’
818 2632 955 2686 Victorius
1031 2635 1046 2683 2
1069 2631 1185 2697 fortasse
1205 2632 1239 2683 ut
1257 2629 1313 2683 cin-

169 2716 257 2784 cinni,
289 2715 355 2770 vitia
387 2717 486 2786 quibua
515 2720 614 2773 teneat
641 2719 670 2773 id
697 2737 753 2788 quo
782 2721 871 2789 serpit
897 2720 933 2773 ad
961 2718 1054 2773 locum
1082 2719 1262 2788 capiendum,
1296 2735 1313 2772 a

169 2822 224 2873 quo
244 2804 379 2875 capiendo
468 2814 484 2861 3
508 2807 575 2862 uitis
593 2808 694 2878 quibus
713 2810 809 2864 teneat
826 2809 857 2862 id
876 2825 933 2878 qua
951 2805 1040 2876 serpit
1059 2809 1118 2862 PB
1136 2806 1204 2861 uitis
1224 2807 1313 2876 quib.;

168 2896 265 2949 teneat
284 2895 314 2949 id
332 2913 388 2964 qua
407 2895 506 2965 scripit
523 2897 551 2951 A
569 2897 636 2951 uitis
656 2898 756 2967 quibus
775 2898 872 2952 tenent
890 2914 946 2966 qua
963 2899 1058 2966 serpet
1075 2914 1101 2950 m
1119 2896 1193 2950 uites
1212 2896 1313 2963 quibus

168 2985 265 3038 teneat
287 2986 317 3038 et
339 3001 409 3053 quus
433 2984 568 3054 eripiatur
640 2993 657 3039 4
680 2985 800 3055 primum
822 2986 943 3041 ocimum
967 2985 1057 3039 VAB
1129 2990 1144 3038 5
1168 2983 1264 3038 fenum
1287 2983 1313 3037 A

168 3072 280 3126 foenum
301 3073 357 3127 VB
430 3072 520 3128 secari
534 3074 583 3129 Aa
597 3075 679 3129 ciceri
694 3075 752 3128 Pm
766 3073 865 3128 siccari
879 3074 907 3127 Β
975 3074 1084 3128 ocinum
1099 3074 1206 3128 dictum
1222 3068 1320 3127 ΡΑΒ

169 3162 290 3215 ocimum
322 3161 428 3216 dictum
455 3179 471 3215 v
562 3169 578 3216 6
611 3157 715 3230 ω’κέως]
744 3177 826 3216 occos
856 3161 947 3216 ΡΑΒ
976 3163 1092 3217 ochisv
1183 3159 1314 3215 similiter

77 3286 81 3292 ,
170 3251 245 3318 quod
267 3251 380 3304 Nonius
397 3268 428 3319 p.
448 3256 516 3318 551,
542 3256 559 3305 3
583 3249 714 3304 similiter
736 3267 791 3318 quc
813 3249 904 3304 ΡΑΒ
927 3249 1056 3304 similiter
1080 3266 1225 3318 quoquae

170 3340 291 3394 ocimum
322 3340 351 3393 in
378 3341 460 3395 horto
484 3341 541 3394 PB
570 3340 691 3394 ocimum
718 3338 748 3392 iu
776 3341 837 3394 orto
861 3340 889 3394 A
918 3339 1037 3394 ocimum
1065 3340 1083 3394 i.
1112 3339 1167 3394 cito
1190 3355 1206 3392 v
1297 3345 1312 3392 7

170 3428 274 3483 dicium
296 3429 407 3483 ocinum
428 3428 519 3482 PAB
538 3426 643 3481 dictum
664 3426 784 3482 ocimum
803 3446 819 3483 u
892 3428 985 3483 alucm
1003 3428 1094 3482 ΡΑΒ
1111 3427 1243 3482 aluume

170 3525 186 3572 8
213 3517 248 3571 iis
272 3517 361 3571 VAB
388 3534 456 3572 corr.
484 3516 530 3569 his
557 3522 589 3569 ut
611 3518 717 3571 videtur
734 3517 774 3571 A¹
852 3519 881 3571 id
904 3519 948 3570 est
971 3515 1027 3583 (ide
1046 3516 1084 3585 A)
1107 3514 1197 3570 sabuli
1220 3518 1314 3586 segete

170 3607 259 3660 uiride
283 3608 389 3660 sectum
414 3604 506 3658 ΡΑΒ
529 3602 559 3654 id
583 3606 625 3657 est
647 3605 744 3673 pabuli
768 3608 877 3675 segetes
900 3604 1003 3659 uirides
1027 3608 1120 3659 sectae
1142 3624 1167 3658 e.
1206 3602 1249 3658 ‘ld
1273 3608 1315 3658 est

170 3693 268 3764 pabuli
286 3696 389 3761 segete.
427 3694 467 3745 Ira
486 3693 608 3761 actuaris
627 3694 713 3760 libris,
731 3696 764 3749 ld
783 3698 826 3748 est
843 3693 933 3748 sabuli
948 3695 1052 3762 segete.
1090 3695 1165 3748 Nam
1178 3695 1219 3748 sic
1233 3696 1315 3748 etiam

169 3799 225 3837 non
252 3782 336 3835 multo
363 3787 427 3836 unte
453 3782 485 3835 ic
511 3782 606 3835 iisdem
633 3783 707 3837 loeus
734 3785 780 3838 ille
806 3783 926 3850 scriptus
953 3788 1003 3848 est,
1032 3783 1058 3853 [Ι
1082 3788 1125 3850 23,
1150 3785 1177 3851 3]
1202 3783 1240 3837 Et
1259 3801 1314 3837 nou

170 3886 311 3939 nunquam
328 3868 448 3924 fabulic:
473 3871 747 3940 incunctantem,
767 3871 901 3926 Fabulia’
942 3871 1080 3926 Victorius
1151 3878 1167 3924 9
1185 3873 1275 3939 genat
1290 3872 1317 3925 P

169 3996 256 4066 genet
278 4013 347 4052 corr.
372 3998 453 4065 gerat
470 3998 498 4053 A
516 3961 603 4068 {exibi
620 3998 648 4051 B
666 3998 747 4068 gerat
766 4014 792 4050 m
811 3998 986 4065 generentur.
1026 3996 1078 4050 ‘Iu
1096 3997 1201 4050 ecccueis
1221 3996 1315 4063 Gerut,

169 4089 300 4156 mendose,
320 4087 350 4142 in
363 4104 448 4142 manu
461 4090 572 4158 acceptis
581 4088 705 4143 omuibus
715 4084 814 4156 Genat,
832 4086 910 4140 recte’
935 4085 1072 4140 Victorius
1127 4091 1160 4139 10
1174 4084 1277 4152 uiciurp
1288 4085 1316 4139 Β

240 4176 338 4245 pabuli
363 4193 448 4230 cansa
470 4177 568 4231 uirdea
587 4194 641 4246 quo
661 4175 717 4230 furt
734 4175 808 4230 ferro
828 4192 910 4230 caesa
928 4175 1038 4243 ferrugo
1059 4174 1135 4229 dicta
1155 4174 1248 4227 ΡΑΒ
1266 4191 1315 4243 pa-

169 4264 230 4318 buli
248 4281 331 4318 causa
350 4266 415 4317 suut
432 4261 499 4317 inde
517 4265 592 4330 quod
607 4265 651 4318 fur
665 4263 738 4317 ferro
753 4280 864 4318 caesum
878 4262 989 4330 farrago
1004 4262 1139 4317 dictumv
1214 4269 1246 4316 11
1267 4268 1316 4317 aut

170 4352 230 4406 nise
244 4353 319 4420 quod
339 4353 393 4406 PB
408 4353 456 4405 aut
469 4351 533 4407 inde
549 4354 623 4422 quod
638 4353 697 4408 Am
711 4354 760 4407 aut
774 4353 878 4422 quode
953 4358 985 4406 12
1005 4354 1106 4422 coepta
1120 4352 1175 4405 PB
1191 4353 1275 4420 cepta
1288 4351 1314 4404 A

171 4429 335 4510 cceptuine
408 4444 517 4497 caetera
539 4443 566 4497 V
636 4448 667 4496 13
688 4443 851 4514 saginantur
869 4441 941 4497 Am²
961 4442 1130 4512 sagenantur
1151 4440 1240 4494 VAB
