3000 5026
137 64 202 128 198
626 60 813 117 VARRONIS

136 240 170 292 ut
196 232 335 291 traiciant
362 232 394 290 in
416 229 473 290 alia
495 249 565 291 rasa
586 241 617 290 et
639 229 696 290 lroc
719 229 815 289 isdem
837 227 1002 289 intervallis
1023 228 1208 291 duodeciens
1229 249 1281 291 sex

136 337 290 399 mensibus
316 339 461 414 proximis
487 339 559 398 item
588 338 709 418 laciam3
742 356 812 397 com
839 337 868 396 id
892 338 1066 417 norsssime,
1092 338 1283 416 potissim-

136 447 287 524 unicum,
315 462 385 504 cum
412 447 542 504 senescit
564 444 643 504 luna.
687 453 751 503 tum
776 442 924 503 decocunt
946 446 978 504 in
1001 443 1106 504 ahenis
1127 443 1189 504 leni
1211 446 1283 525 igni,

137 557 168 614 in
199 551 274 612 duas
304 559 406 629 partes
437 551 532 630 quaed
565 559 715 630 regernnt
766 560 829 610 tom
862 550 992 629 denique
1018 549 1057 610 ad
1084 569 1174 612 usum
1199 560 1283 613 recte

135 660 293 737 promitur.
1305 673 1319 717 s
1387 681 1438 726 ὃ

73 764 128 825 ‚xv
226 764 312 835 Quod
335 774 468 826 mustum
489 765 629 826 conditor
652 767 683 825 in
706 764 827 838 dolium,
848 773 882 823 ut
905 763 1067 825 habeamus
1088 767 1202 847 riuum,
1224 784 1285 827 non

135 872 333 951 promendum
360 872 431 932 dum
459 873 567 953 terret,
594 890 691 951 neque
719 874 809 932 etiam
836 889 905 930 cnm
932 874 1080 949 processit
1104 874 1161 952 ita,
1187 879 1224 933 ut
1244 874 1284 933 sit

137 982 238 1040 riuum
270 979 394 1060 lactum,
427 981 453 1065 si
486 990 570 1063 retus
602 978 705 1063 bibere
732 977 819 1057 uelis,
851 977 931 1056 quod
959 996 1019 1039 non
1046 979 1093 1059 lit,
1124 987 1285 1060 antequam

136 1095 329 1147 accesserunt
357 1086 527 1147 anniculum
554 1087 663 1165 prodit
708 1061 807 1145 si'es‘t
836 1103 905 1144 vcro
933 1103 969 1145 er
997 1104 1034 1146 eo
1062 1103 1174 1164 genere
1200 1102 1285 1167 unc,

137 1194 216 1273 qnod
236 1202 352 1254 mature
367 1182 515 1274 'cocescag
533 1204 602 1254 ante
620 1192 797 1253 vindemiam
816 1194 953 1252 consumi
971 1202 1024 1253 aut
1043 1194 1144 1252 renire
1156 1200 1284 1272 oportet.
1295 1207 1460 1265 10:10

136 1319 247 1379 genera
271 1309 341 1361 sunt
364 1302 433 1380 riui,
457 1303 487 1360 in
510 1319 569 1379 quo
593 1299 726 1380 Falerna,
749 1317 825 1377 quae
849 1308 959 1378 quomo
982 1298 1079 1378 pluris
1101 1316 1198 1360 annos
1215 1316 1286 1360 con·

137 1406 196 1467 dita
220 1406 402 1488 habuerunt,
426 1417 523 1489 tanto,
544 1425 613 1468 cnm
635 1415 785 1486 prompta,
808 1414 879 1466 sunt
901 1406 1110 1467 fructuosiora.

45 1511 132 1573 lxvi
230 1512 317 1573 Oleas
340 1513 421 1574 albas
444 1533 518 1594 quas
541 1513 718 1587 condideris,
742 1531 833 1572 noras
855 1514 882 1571 si
904 1511 1043 1572 celeriter
1060 1530 1191 1594 promas,
1214 1512 1287 1591 [nisi

137 1618 319 1697 condideris]
352 1629 476 1699 propter
503 1619 730 1680 amaritudinem
758 1620 873 1697 respuit
900 1617 1044 1699 palatum3
1074 1622 1148 1680 item
1174 1622 1286 1701 nigras,

138 1730 197 1788 nisi
219 1729 304 1807 prius
326 1745 376 1787 eas
400 1727 459 1787 sale
482 1729 656 1808 maceraris,
678 1734 713 1786 ut
735 1725 863 1785 libenter
885 1727 917 1785 in
940 1744 974 1784 os
996 1727 1192 1805 recipiantur.
1295 1739 1372 1783 n:
1404 1747 1428 1788 u

211 1923 226 1970 1
249 1920 280 1972 et
300 1917 355 1971 hoc
378 1915 454 1971 idem
477 1916 535 1971 VA
557 1922 582 1970 et
608 1918 663 1969 hoc
686 1917 719 1969 io
740 1916 865 1984 mareiae
888 1915 991 1983 scripto
1007 1914 1036 1968 B
1059 1917 1089 1970 et
1110 1915 1167 1970 hoc
1185 1914 1287 1973 iisdem

138 2007 284 2061 lutardus
355 2005 522 2060 duodeciens
543 2004 635 2059 PAB
659 2004 809 2059 duodecies
831 2021 847 2057 o
919 2009 935 2057 3
960 2001 1050 2057 ‘Tunc
1073 2003 1238 2073 decoquunt
1257 2003 1287 2059 in

139 2095 236 2148 ahenis
247 2094 332 2148 Totus
341 2095 416 2148 locus
426 2095 456 2147 io
466 2094 566 2161 optimo
576 2094 725 2160 exemplari
735 2094 775 2146 ito
784 2093 912 2162 scriptio,
920 2090 1284 2149 iiimdeoocuutinulrenis:

138 2181 197 2237 leni
223 2181 309 2251 lignis
333 2182 403 2236 duas
426 2184 521 2250 partes
546 2181 638 2248 quoad
660 2182 802 2250 regerunt’
839 2181 978 2236 Victoriae
1057 2185 1127 2236 tunc
1150 2181 1287 2238 decocunt

138 2270 169 2324 iu
187 2270 284 2324 ahenis
300 2268 360 2323 PB
378 2272 439 2323 tum
458 2269 642 2338 deqnoquunt
658 2267 688 2321 in
702 2267 800 2322 haeris
815 2269 842 2321 Α
861 2271 928 2325 tnnc
942 2270 1103 2338 decoquunt
1114 2270 1145 2324 in
1158 2271 1286 2327 manico

210 2357 354 2427 lenilignis
377 2357 446 2410 duee
465 2358 560 2426 partes
579 2357 671 2425 quaed
692 2355 785 2411 PAB
803 2357 861 2412 leui
879 2358 940 2428 igni
957 2359 1028 2414 duas
1044 2361 1141 2429 portes
1159 2359 1287 2429 quoodo

211 2448 307 2500 itum
322 2446 443 2515 denique
456 2446 493 2500 ud
507 2446 626 2501 osnmA
639 2447 700 2500 tum
713 2445 751 2501 sd
763 2463 844 2501 usum
859 2447 1154 2517 deniquerustum
1168 2447 1287 2519 denique
1367 2464 1391 2493 θ

140 2536 177 2591 ad
194 2553 277 2591 nsum
294 2536 322 2589 B
340 2535 463 2590 Mucium
480 2535 518 2590 ad
535 2551 617 2589 usum
635 2534 756 2605 denique
772 2553 790 2590 o

212 2633 227 2681 't
247 2642 337 2694 neque
356 2623 443 2679 etiam
463 2641 525 2679 cum
544 2624 693 2693 prooessit,
711 2624 766 2678 nisi
784 2623 861 2694 prim
880 2623 917 2679 sit
935 2625 1033 2680 uinum
1050 2625 1160 2681 facturn
1179 2627 1288 2683 Iocus·
1334 2644 1451 2663 ⁴-

139 2717 200 2770 dos.
239 2715 341 2769 ‘Valde
367 2714 481 2769 diuersa
507 2719 615 2768 κάππα
642 2715 734 2781 tedio,
762 2718 786 2768 et
812 2730 880 2768 sone
902 2720 1022 2770 extrem
1043 2716 1110 2771 hoec
1128 2731 1201 2785 porr
1223 2716 1289 2773 istri
1309 2699 1456 2765 ’.ῤ’

140 2804 345 2872 aliquantulum
368 2804 530 2873 inquinato:
552 2803 651 2870 Neque
675 2801 760 2856 etiam
783 2818 848 2856 cum
871 2807 1014 2872 praeesset
1035 2804 1078 2858 its
1096 2807 1130 2860 ut
1146 2804 1200 2875 sit,
1221 2804 1287 2861 eto?
1323 2787 1454 2824 ‘¹¹'

146 2892 308 2948 Victorius.
328 2894 444 2959 sortasse
479 2909 570 2959 neque
607 2889 693 2945 etiam
730 2908 793 2945 cum
829 2893 1010 2963 processerit,
1052 2896 1085 2948 ut
1119 2894 1159 2949 sit
1192 2886 1457 2950 imerus:

140 2980 260 3047 factum,
292 2981 316 3035 si
342 2983 422 3036 vetus
448 2980 546 3035 bibere
573 2979 656 3048 velis,
689 2981 765 3048 quod
791 2997 847 3035 non
873 2982 919 3052 fit,
946 2984 1097 3051 numquam
1125 2983 1453 3039 cantamina

140 3069 236 3138 prodit
341 3073 485 3140 processet
508 3070 601 3126 PAB
621 3068 796 3139 processito
854 3093 858 3100 ·
895 3076 912 3126 8
939 3076 1005 3127 onte
1031 3089 1117 3142 quem
1138 3055 1451 3129 occesseriffl‘

141 3174 243 3225 mnus,
270 3159 345 3226 tum,
374 3175 437 3212 cnm
460 3158 546 3214 fuerit
567 3159 742 3228 anniculum,
765 3160 899 3229 promitto
922 3162 1079 3217 Ioctmdos.
1117 3161 1443 3233 ‘Anteqw

142 3248 292 3302 accesserit
319 3264 415 3302 annus.
458 3247 543 3303 Totus
569 3249 613 3302 aie
640 3250 715 3304 locare
741 3251 783 3303 ito
810 3251 910 3320 lepitor
936 3252 968 3305 io
995 3252 1119 3322 antiquis
1141 3252 1438 3317 mimum-2⁶3

141 3337 299 3405 Antequam
336 3336 512 3389 accesserunt
548 3336 709 3392 anniculum
740 3339 886 3407 promitto’
927 3339 1065 3396 Victorius
1145 3346 1162 3395 9
1194 3356 1320 3396 acces-
1367 3353 1432 3367 ’-

142 3426 237 3476 serunt
259 3423 349 3476 PAB
376 3421 480 3477 acescit
502 3440 518 3476 o
626 3427 786 3480 anniculum
812 3427 908 3497 prodit
927 3428 1019 3484 PAR
1048 3429 1188 3485 Victorius
1210 3428 1424 3485 cuni..-··

143 3510 236 3564 culum
255 3512 376 3579 promito
390 3528 406 3566 o
479 3517 513 3566 10
532 3514 607 3582 quod
625 3517 733 3570 mature
753 3518 900 3570 cocescaut
909 3516 968 3572 ΡΑ
986 3518 1061 3587 quod
1074 3520 1185 3593 mature
1195 3534 1215 3590 a
1226 3531 1417 3575 eoa-f

143 3601 255 3652 cessant
272 3600 301 3653 B
324 3601 398 3669 quod
422 3603 531 3656 mature
551 3605 697 3658 coacescat
714 3604 786 3659 A’m
805 3604 943 3672 quaedam
962 3609 1072 3662 mature
1090 3612 1260 3666 coacescunt
1320 3608 1410 3651 ⁴⁶

144 3686 193 3743 ‘Io
215 3690 320 3744 canois
342 3707 428 3746 manu
449 3693 561 3762 seraptis
581 3693 661 3760 Quod
684 3695 793 3748 mature
817 3696 991 3750 coucesoaut’
1025 3695 1165 3753 Victorius
1254 3704 1314 3753 t..
1342 3689 1402 3742 53

141 3791 342 3886 ensiuffiropca
360 3819 387 3870 A

231 3906 377 3960 3‘Oleas
409 3906 501 3976 cibes,
533 3925 603 3977 quas
629 3906 786 3962 condideris
813 3924 911 3977 nouas,
944 3908 985 3962 sic
1012 3910 1142 3966 celeriter
1168 3918 1379 3982 prorum-fl·

144 3912 263 4063 Quidlcm
290 3996 386 4062 smmis
413 3997 506 4051 excusi
533 3997 600 4050 libri
625 3997 668 4051 iia
694 3997 805 4065 debent,
833 3999 864 4050 io
892 3998 957 4051 aliis
988 3999 1062 4054 werce
1088 4001 1172 4056 ualde
1193 4002 1373 4057 uero-⁴⁸·

143 4084 209 4134 tou:
225 4083 308 4149 culpo
339 4087 444 4151 tameo,
475 4090 507 4140 ut
534 4091 606 4154 puto
633 4101 725 4140 eorum
752 4088 800 4155 qui
827 4087 858 4140 id
884 4088 1091 4144 commoerent-
1105 4090 1190 4146 nimis
1216 4086 1364 4146 err-‘m

145 4168 256 4223 licenter
274 4188 292 4224 a
316 4176 403 4226 uetere
420 4175 559 4241 scripturo
576 4176 725 4230 discessere.
761 4174 801 4229 Io
818 4176 928 4245 optimis
946 4177 980 4232 ab
998 4177 1059 4245 doc,
1076 4194 1160 4248 quom
1176 4179 1220 4235 liic
1234 4169 1353 4232 ιιό·
