3000 5026
181 321 246 388 140
672 320 857 378 VARRONIS

181 491 292 569 aliquot
316 490 475 568 conligatus
499 489 583 549 libris
607 469 767 550 demittunt
790 492 819 549 in
845 488 964 549 tubulos
988 487 1093 548 fictiles
1119 486 1215 565 [cum]
1236 487 1325 546 londo

181 605 334 677 pertusos,
359 616 432 675 quos
457 596 595 676 cuspides
619 596 774 676 appellant,
801 615 856 674 qua
883 612 968 655 umor
991 594 1175 654 adventicius
1199 596 1326 654 transire

181 707 284 782 possit.
330 710 467 782 qumtum
496 710 542 762 est
570 702 778 780 pedamentum
808 704 938 762 nativum
967 703 1032 760 eius
1055 703 1187 780 generis,
1215 701 1268 761 ubi
1291 719 1326 760 ex

182 809 339 870 arboribus
371 812 402 869 in
431 808 553 869 arbores
582 809 726 869 traductis
754 808 864 869 vitibus
893 810 976 868 vinea
1006 809 1051 886 srt,
1084 825 1167 885 quos.
1190 807 1327 867 traduces

157 917 306 995 dquidam
343 934 464 994 rumpos
497 916 651 996 appellant.
707 918 807 975 vineae
840 914 1004 975 altitudinis
1036 913 1142 975 modus
1175 914 1327 994 longitudo
1353 928 1364 966 ⁵

182 1023 319 1103 hominis,
343 1023 494 1082 intervalla
519 1022 771 1101 pedamentorum,
796 1040 853 1100 qua
876 1021 965 1081 boves
984 1024 1080 1082 iuncti
1099 1039 1182 1080 arare
1203 1023 1327 1100 possint

182 1149 216 1190 ea
240 1132 339 1189 minus
363 1139 534 1208 sumptuosa
559 1132 656 1209 vinea,
680 1147 755 1207 quae
780 1131 843 1188 sine
867 1131 935 1207 iugo
960 1131 1109 1189 ministrat
1132 1128 1329 1207 acratoplroro

182 1239 292 1297 vinum.
337 1235 427 1296 huius
456 1254 563 1314 genera
592 1235 664 1296 duo:
692 1253 798 1315 unum,
826 1237 856 1295 in
887 1254 945 1314 quo
971 1244 1048 1295 terra
1074 1234 1181 1295 cubilia
1206 1234 1330 1313 praebet

183 1346 261 1418 uvis,
290 1345 377 1403 utin
401 1344 467 1402 Asia
492 1342 593 1403 miultis
616 1341 702 1421 lociS,
731 1361 806 1420 quae
831 1360 918 1421 saepe
942 1342 1080 1420 vulpibus
1105 1349 1134 1401 et
1158 1341 1330 1402 bominibus

182 1451 216 1511 fit
235 1453 408 1510 communis.
455 1467 509 1508 nec
530 1467 587 1508 non
608 1450 633 1507 si
653 1450 730 1526 parit
749 1448 857 1508 humus
877 1467 986 1528 mures,
1005 1451 1103 1508 minor
1122 1449 1155 1507 tit
1174 1450 1330 1528 vindemia,
1344 1459 1367 1497 1⁰

182 1558 240 1616 nisi
268 1565 344 1616 totas
372 1559 471 1615 vineas
499 1554 629 1633 oppleris
652 1554 842 1634 muscipulis,
871 1555 949 1633 quod
973 1557 1002 1615 in
1028 1554 1124 1614 insula
1150 1554 1327 1615 Pandateria

158 1663 308 1724 blaciunt.
354 1663 478 1722 alterum
506 1679 600 1739 genus
629 1662 731 1739 vineti,
760 1659 812 1720 ubi
839 1679 872 1720 ea
900 1662 987 1722 modo
1016 1669 1187 1722 removetur
1211 1681 1225 1721 a
1251 1670 1331 1722 terra

183 1770 261 1847 vitis,
285 1787 360 1847 quae
385 1768 514 1829 ostendit
538 1786 569 1827 se
593 1766 708 1826 adferre
729 1785 822 1827 uvam.
869 1767 1016 1841 subeam,
1042 1768 1093 1828 ubi
1113 1771 1247 1829 nascitur
1267 1788 1331 1849 uva,

184 1874 374 1935 subiciuntur
407 1877 529 1935 circiter
557 1873 709 1951 bipedales
736 1893 752 1934 c
781 1874 910 1934 surculis
938 1873 1085 1953 furcillae,
1118 1854 1332 1936 devindemia

184 1981 259 2041 lacta
289 1981 416 2060 denique
445 1982 538 2042 discat
562 1980 692 2058 pendere
720 1983 751 2040 in
781 1980 874 2058 palma
903 1988 953 2039 aut
982 1980 1113 2041 luniculo
1142 1991 1193 2042 aut
1216 1984 1329 2062 vinctu,
1343 1989 1365 2029 ¹⁵

184 2088 262 2166 quod
287 2090 400 2166 antiqui
424 2087 568 2149 vocabant
591 2097 714 2147 cestum.
761 2086 803 2147 ibi
826 2087 963 2147 dominus
988 2087 1074 2148 simul
1099 2107 1132 2148 ac
1155 2088 1231 2148 vidit
1255 2091 1331 2149 occi-

183 2196 288 2274 pitium
323 2195 558 2273 vindemiatoris,
592 2194 723 2255 lurcillas
752 2194 868 2254 reducit
895 2193 1084 2254 hibernatum
1112 2197 1143 2254 iu
1172 2202 1268 2277 tecta,
1299 2202 1332 2256 ut

184 2303 248 2360 sine
273 2309 393 2379 sumptu
416 2300 521 2361 harum
546 2319 635 2379 opera
659 2301 752 2361 altero
776 2320 852 2361 anno
876 2302 921 2360 uti
943 2303 1046 2379 possit.
1092 2301 1147 2361 hac
1171 2311 1332 2363 consuetu·

159 2407 257 2470 7dine
280 2409 311 2466 in
335 2406 416 2467 ltalia
440 2415 566 2467 utuntur
589 2406 712 2469 Reatini.
757 2407 830 2467 haec
853 2407 919 2467 ideo
945 2409 1069 2468 varietas
1093 2410 1229 2490 maxime,
1254 2410 1332 2489 quod

182 2522 263 2574 terra
292 2516 377 2574 cuius
408 2513 487 2573 modi
516 2515 554 2572 sit
583 2513 683 2574 relert.
730 2513 781 2573 ubi
804 2516 881 2573 enim
907 2523 1011 2574 natura
1036 2514 1147 2590 umida,
1176 2515 1218 2576 ibi
1244 2516 1368 2599 altius2⁰

182 2623 251 2680 vitis
274 2619 411 2701 tollenda,
435 2620 513 2699 quod
537 2622 568 2679 in
592 2627 678 2698 partu
703 2628 733 2680 et
756 2619 894 2681 alimonio
914 2624 1013 2682 vinum
1033 2640 1101 2701 uon,
1125 2629 1158 2682 ut
1178 2624 1208 2682 iu
1230 2604 1331 2703 calici,

184 2729 300 2806 quaerit
328 2745 446 2807 aquam,
476 2728 527 2788 sed
552 2726 652 2787 solem.
699 2730 798 2807 itaque
822 2729 901 2808 ideo,
930 2737 963 2788 ut
987 2727 1128 2808 arbitror,
1159 2731 1332 2806 primume

183 2835 268 2894 vinea
292 2836 322 2894 iu
347 2833 468 2894 arbores
492 2834 626 2894 escendit
650 2836 726 2896 vitis.
912 2913 917 2922 ἱ

138 2942 178 3002 lll
277 2941 378 3022 Terra,
401 2943 531 3023 inquam,
554 2944 639 3002 cuius
663 2942 743 3002 modi
767 2945 805 3003 sit
828 2943 928 3023 refert,
952 2942 1040 3002 etad
1064 2960 1152 3021 quam
1172 2960 1236 3002 rem
1256 2942 1331 3002 bono

255 3113 453 3181 taliquoth
468 3111 582 3182 aliquod
595 3114 654 3168 ΡΑ
690 3113 837 3183 colligatas
850 3114 939 3167 VAB
975 3081 1134 3167 liubulosB
1171 3114 1331 3168 cumfundo

181 3201 311 3268 pertusos
332 3201 391 3254 ΡΒ
409 3201 548 3256 confundo
566 3203 696 3271 pertusos
715 3202 743 3255 A
763 3218 824 3254 cum
844 3200 930 3256 fundo
949 3205 1062 3270 pertuso
1081 3220 1097 3256 o
1116 3203 1202 3258 fundo
1218 3207 1330 3273 pertuso

187 3288 305 3343 Ursinus
383 3296 399 3342 2
429 3289 543 3358 cupides
567 3290 596 3344 A
671 3307 751 3343 umor
774 3290 831 3344 PA
861 3291 960 3344 humor
984 3292 1031 3344 Bo
1109 3292 1281 3347 adueniibius
1304 3293 1331 3346 A

254 3384 270 3431 3
297 3377 393 3447 posit
421 3397 480 3434 uua
507 3381 600 3435 littera
623 3384 687 3448 post
714 3398 727 3434 s
750 3381 837 3434 deleta
858 3381 887 3434 A
913 3381 1018 3449 poterit
1040 3398 1067 3435 m
1150 3389 1164 3435 7
1188 3382 1332 3436 ministrat

182 3468 387 3538 acrabhophoro
405 3469 433 3520 P
448 3468 609 3522 ministrata
628 3470 793 3538 cratophoro
812 3469 840 3522 Β
858 3468 999 3524 ministrat
1017 3472 1184 3540 cristophoro
1204 3472 1232 3526 A
1250 3472 1330 3525 mini·

182 3559 253 3611 strat
270 3557 474 3625 acratophoron
495 3574 519 3610 v.
558 3556 691 3627 ‘Antiqui
710 3559 777 3613 iibri
794 3575 888 3612 ueram
907 3559 1045 3614 lectionem
1063 3562 1194 3629 retinent,
1214 3561 1329 3617 Acrato·

177 3646 278 3713 pboro'
300 3645 438 3699 Victorius
510 3650 526 3698 9
541 3644 610 3710 locis
625 3648 839 3715 superscriptum
853 3648 884 3700 iu
899 3647 926 3702 A
999 3654 1031 3702 10
1051 3649 1165 3720 humus]
1180 3651 1263 3705 huius
1278 3651 1329 3704 Am

255 3740 286 3787 11
313 3731 464 3800 Muscipuli
488 3734 519 3787 iu
541 3737 664 3806 marpiue
688 3737 836 3804 adscripsit
855 3737 883 3790 P
957 3738 1123 3805 pandateria
1144 3739 1203 3792 PB
1227 3739 1344 3809 pandar-

181 3821 256 3873 toria
273 3820 334 3874 Am
362 3820 583 3888 pandathariao
657 3831 690 3878 12
719 3824 807 3879 uineti
834 3825 883 3879 ubi
901 3826 949 3880 Bc
978 3827 1060 3881 uiniti
1087 3827 1135 3881 ubi
1154 3829 1182 3882 P
1207 3828 1289 3884 uince
1308 3827 1370 3882 tt

182 3909 229 3963 ubi
245 3910 272 3963 A
291 3909 372 3964 uince
391 3910 440 3964 ubi
459 3928 484 3964 m
500 3956 505 3966 .
521 3912 637 3978 fortasse
651 3913 749 3968 vineae
768 3914 800 3967 fit
818 3913 867 3967 ubi
941 3921 972 3968 13
992 3916 1100 3970 adferre
1115 3916 1176 3971 AB
1190 3918 1289 3974 afferre
1307 3914 1371 3970 V*

259 4006 292 4054 14
321 3998 496 4055 subiciuntur
523 4001 580 4056 PB
609 4002 745 4056 subicitur
773 4004 799 4056 A
828 4004 1013 4059 subiiciuntur
1039 4022 1055 4059 v
1135 4006 1282 4077 bipedales
1305 4004 1371 4061 A

182 4106 250 4145 corr.
280 4123 313 4131 —
339 4090 363 4144 is
386 4089 427 4145 A²
499 4091 609 4146 furcille
635 4093 662 4146 A
689 4107 758 4147 corr.
784 4123 816 4131 —
840 4092 891 4146 illc
914 4093 955 4145 Α2
1029 4100 1061 4148 16
1085 4095 1247 4164 occipitium
1272 4093 1371 4151 ΑΒ

181 4181 346 4249 occipicium
377 4181 403 4233 V
479 4186 511 4237 18
539 4182 637 4235 horum
664 4180 754 4235 PAB
783 4198 913 4236 eorumo
942 4199 1035 4237 earum
1064 4185 1213 4239 Iucundos
1289 4177 1371 4240 uti

181 4270 394 4336 superscriptum
421 4271 452 4322 iu
475 4272 501 4322 A
582 4276 613 4323 19
638 4269 739 4324 reatini
763 4288 780 4325 c
803 4270 917 4325 uriaiini
943 4272 1035 4327 ΡΑΒ
1107 4281 1142 4329 20
1165 4273 1203 4328 sit
1230 4292 1280 4329 om.
1303 4268 1371 4329 ,Ι-

254 4355 369 4409 humido
392 4355 482 4411 VAB
552 4364 587 4412 23
606 4356 732 4413 escendit
752 4358 811 4413 ΡΒ
829 4360 957 4414 ascendit
975 4361 1057 4416 Amo

254 4449 288 4496 24
307 4445 408 4518 bonam
422 4446 518 4514 pridre
537 4449 592 4503 loco
611 4449 638 4502 A
