3000 5026
171 331 237 394 210
662 328 849 384 VARRONIS

172 494 254 556 ltalia
281 495 411 575 Reatini,
444 513 538 574 usque
567 513 615 574 eo,
649 505 681 555 ut
708 513 772 554 mea
806 496 947 554 memoria
973 495 1076 554 asinus
1103 495 1231 554 venierit
1258 511 1318 554 ses·

172 604 270 663 tertiis
302 601 422 662 milibus
455 604 605 680 sexaginta
638 611 668 661 et
695 620 771 662 unae
800 601 959 680 quadrigae
991 600 1101 661 Romae
1128 602 1319 661 constiterint

126 709 401 788 15quadringentis
424 707 551 769 milibus
597 716 701 786 quarta
724 726 793 787 pars
812 715 857 767 est
876 708 911 767 de
931 708 996 767 iure
1015 709 1047 783 in
1065 708 1206 788 parando,
1231 725 1319 786 quem

171 817 208 876 ad
227 816 348 876 modum
367 834 514 894 quamque
535 815 678 894 pecudem
698 817 757 874 emi
776 822 910 893 oporteat
930 811 1009 873 civili
1027 815 1101 875 iure.
1139 815 1220 893 quod
1240 816 1318 874 enim

172 922 295 983 alterius
323 923 392 1002 fuit,
419 922 450 981 id
479 932 512 981 ut
539 923 589 981 fiat
616 940 729 1003 meum,
756 939 879 982 necesse
908 929 953 981 est
984 920 1095 999 aliquid
1122 923 1318 982 intercedere.
1344 941 1356 981 ⁵

172 1048 268 1108 neque
296 1032 327 1089 in
356 1028 492 1089 omnibus
522 1031 594 1088 satis
617 1039 664 1088 est
687 1027 838 1108 stipulatio
861 1036 912 1088 aut
936 1027 1043 1087 solutio
1066 1038 1260 1088 nummorum
1283 1028 1318 1088 ad

170 1139 365 1197 mutationem
394 1135 514 1195 domini.
560 1137 591 1195 in
619 1137 769 1214 emptione
793 1135 865 1194 alias
888 1133 1090 1211 stipulandum
1114 1152 1220 1216 sanum
1244 1130 1318 1215 essc',

125 1243 247 1303 Idalias
269 1262 286 1303 e
310 1261 381 1303 sano
405 1260 521 1322 pecore,
546 1241 616 1303 alias
640 1251 789 1303 neutrum.
823 1241 931 1302 alterae
955 1249 1055 1319 partes
1076 1250 1217 1320 quattuor
1236 1250 1316 1322 sunt,

171 1368 238 1410 cum
263 1352 321 1409 iam
345 1351 466 1430 emeris,
496 1349 710 1429 observandae,
738 1349 945 1428 depastione,
969 1348 1006 1407 de
1030 1349 1140 1430 fetura,
1164 1349 1201 1409 de
1225 1351 1318 1409 nutri·

171 1462 248 1535 catu,
272 1455 308 1514 de
333 1456 466 1515 sanitate.
498 1455 640 1533 pascendi
663 1458 791 1534 primum
816 1454 899 1515 locus
923 1456 975 1532 qni
999 1463 1053 1535 est,
1077 1458 1142 1515 eius
1166 1458 1243 1516 ratio
1266 1457 1318 1516 tri·
1332 1475 1362 1513 ro

170 1563 247 1640 pler,
266 1563 297 1621 in
316 1580 374 1640 qua
392 1565 512 1639 regione
532 1580 679 1641 quamque
697 1564 885 1641 potissimum
904 1579 1007 1639 pascas
1027 1569 1057 1621 et
1076 1562 1194 1640 quando
1214 1565 1318 1643 etqui,

171 1676 205 1729 ut
223 1686 328 1746 capras
346 1670 378 1727 in
397 1670 561 1729 montuosis
580 1671 679 1747 potius
698 1667 771 1728 locis
791 1666 906 1747 [quam]
928 1666 1086 1728 fruticibus
1103 1687 1192 1746 quam
1206 1671 1239 1729 in
1252 1669 1318 1729 ber·

171 1775 250 1835 bidis
273 1777 393 1853 campis,
417 1793 508 1854 equas
532 1783 643 1835 contra.
690 1794 787 1855 neque
811 1775 913 1835 eadem
932 1774 996 1835 loca
1015 1777 1125 1835 aestiva
1144 1784 1174 1836 et
1193 1775 1318 1836 hiberna

171 1882 277 1943 idonea
305 1880 441 1941 omnibus
470 1882 504 1941 ad
534 1882 724 1960 pascendum.
770 1885 869 1960 itaque
898 1898 1003 1960 greges
1027 1884 1124 1942 ovium
1148 1882 1236 1962 longa
1259 1883 1319 1943 abi-

171 1997 283 2069 guntur
311 2007 347 2048 ex
371 1988 476 2067 Apulia
503 1990 535 2048 in
559 1988 712 2050 Samnium
741 1990 916 2049 aestivatum
944 1996 1033 2066 atque
1061 1988 1096 2048 ad
1125 1988 1317 2067 publicanum
1332 2009 1362 2048 ι

171 2097 363 2176 profitentur,
392 2114 442 2175 ne,
467 2097 492 2154 si
515 2097 692 2174 inscriptum
716 2113 809 2174 pecus
832 2096 979 2174 paverint,
1003 2093 1067 2172 lege
1091 2097 1227 2155 censoria
1250 2114 1319 2155 con-

172 2205 298 2262 mittant.
339 2202 412 2262 muli
440 2220 456 2261 e
480 2201 575 2262 Rosea
604 2206 763 2281 campestri
791 2211 901 2262 aestate
931 2202 1092 2278 exiguntur
1114 2203 1145 2260 in
1168 2201 1320 2263 burburcs

126 2314 164 2369 17
177 2310 250 2369 altos
270 2318 393 2370 montes.
426 2311 478 2386 qui
496 2311 683 2386 potissimum
703 2327 837 2386 quaeque
857 2307 1004 2385 pecudum
1018 2315 1165 2386 pascatur,
1184 2308 1321 2370 habenda

173 2417 261 2494 ratio,
289 2433 344 2475 nec
373 2414 469 2475 solum
497 2416 575 2493 quod
599 2416 684 2474 faeno
708 2416 742 2475 fit
766 2423 864 2474 satura
889 2433 964 2494 equa
988 2422 1038 2474 aut
1061 2414 1128 2494 bos,
1157 2431 1227 2476 curn
1251 2435 1319 2477 sues

173 2521 229 2582 boc
253 2523 346 2581 vitent
370 2529 400 2581 et
423 2529 567 2599 quaerant
590 2520 736 2601 glandem,
759 2522 811 2581 sed
831 2506 909 2599 quod
929 2521 1074 2582 hordeum
1094 2529 1123 2581 et
1143 2521 1209 2582 faba
1229 2525 1319 2583 inter·

173 2629 244 2689 dum
276 2630 315 2688 sit
347 2627 524 2707 quibusdam
557 2627 745 2688 obiciendum
776 2634 806 2687 et
837 2626 966 2688 dandum
999 2627 1097 2688 bubus
1125 2626 1270 2706 lupinum
1291 2638 1319 2689 et
1352 2674 1362 2686 .

173 2824 385 2833 ...-.——-.-.-.-

245 2941 415 2998 rmomoria
436 2942 464 2996 Β
536 2919 646 2996 uerterit
667 2941 696 2994 A
785 2941 923 2995 sestertiis
945 2941 973 2994 B
1063 2943 1276 3010 rsexanguu
1294 2943 1362 2998 A]

243 3038 259 3085 3
287 3031 317 3084 in
344 3032 468 3100 parando
492 3031 520 3085 A
547 3030 711 3100 imputando
737 3030 795 3084 ΡΒ
816 3030 978 3099 imperando
1001 3047 1017 3083 o
1091 3035 1106 3083 7
1135 3030 1244 3085 domini
1263 3034 1362 3088 Ant

178 3118 316 3174 Victorius
344 3118 462 3174 dominii
486 3119 551 3172 >VB
638 3119 668 3172 in
701 3119 895 3188 emptionem
922 3118 952 3171 in
980 3118 1122 3188 emptione
1155 3118 1214 3173 VB
1239 3120 1357 3192 Inep-

172 3209 248 3262 tione
263 3210 289 3262 A
363 3194 460 3263 sanum
475 3223 534 3262 esse
552 3208 669 3262 Ursinus
683 3208 780 3262 statim
795 3224 855 3262 esse
872 3207 962 3261 PAB
982 3224 1043 3261 essa
1058 3208 1154 3261 statim
1168 3226 1185 3262 a
1236 3215 1254 3263 8
1274 3228 1348 3281 pe-

173 3313 236 3351 core
252 3297 277 3350 V
293 3313 389 3351 recore
407 3297 467 3352 AB
525 3296 596 3352 alias
614 3298 713 3351 neutro
738 3297 826 3351 VAB
890 3303 905 3350 9
930 3295 1029 3351 emeris
1051 3296 1105 3350 Vm
1123 3313 1231 3352 emeres
1250 3299 1279 3352 Β
1298 3312 1362 3354 et!

172 3391 204 3440 nt
230 3387 337 3441 ridetur
364 3388 391 3440 A
480 3386 591 3440 foetura.
618 3386 645 3439 V
738 3392 770 3440 10
797 3376 918 3456 primum
948 3384 1039 3440 PAB
1065 3384 1172 3454 primus
1200 3405 1249 3442 mo

173 3475 266 3528 locum
285 3491 355 3529 corr.
374 3474 451 3530 locus
470 3473 498 3526 Β
571 3481 602 3527 11
623 3491 752 3543 quanque
776 3475 803 3528 V
872 3472 1031 3542 etquando
1051 3474 1147 3543 etqui
1164 3478 1198 3529 ut
1214 3475 1275 3530 ΡΒ
1294 3492 1362 3533 ee

174 3563 286 3632 quando
305 3564 364 3632 (qui
383 3563 447 3616 odd.
468 3562 519 3629 As,
537 3562 570 3616 ut
587 3563 615 3616 A
635 3566 664 3617 et
682 3565 793 3632 quando
813 3563 841 3617 et
859 3564 892 3616 ut
908 3580 935 3615 m
953 3567 982 3616 et
1001 3563 1112 3630 quando
1132 3581 1147 3618 e
1166 3565 1230 3631 quis
1250 3569 1284 3620 ut
1297 3580 1362 3621 iz:

175 3653 223 3704 ‘Et
250 3652 374 3718 quando,
403 3668 418 3704 e
446 3651 516 3717 quis.
560 3651 651 3705 Locris
678 3653 852 3721 depracatus
871 3651 973 3719 corripi
995 3653 1082 3719 debet,
1110 3658 1142 3707 ut
1164 3654 1198 3706 iri
1219 3656 1362 3724 optima

174 3741 336 3807 coemptori,
360 3740 474 3808 aliisque
492 3741 633 3794 nonnullis
652 3742 763 3810 legitur,
786 3741 823 3793 Et
840 3740 960 3808 quando,
983 3741 1078 3809 etqui
1096 3743 1213 3796 utetc.’
1260 3744 1362 3798 Via

174 3830 261 3882 torius
334 3834 366 3881 12
386 3828 538 3882 montuosis
555 3829 645 3882 PAB
663 3830 832 3885 montosiso
904 3829 1051 3884 fruticibus
1070 3829 1096 3883 V
1112 3830 1281 3896 fructicibus
1294 3833 1362 3886 ζ..-

173 3915 336 3970 fructicibus
350 3917 378 3970 A
429 3924 461 3972 13
476 3917 601 3987 bybema
616 3920 641 3972 V
690 3926 722 3973 ts
737 3918 916 3972 committant
930 3917 1019 3971 VAB
1065 3925 1097 3974 17
1112 3920 1183 3975 muli
1197 3938 1212 3975 e
1228 3922 1362 3978 Rosci:

179 4005 317 4061 Victorius
336 4006 466 4062 mulieres
486 4012 514 4061 et
533 4025 550 4061 o
568 4008 625 4061 PB
644 4008 774 4061 mulieres
794 4009 823 4061 et
841 4007 930 4061 oAm
945 4005 1076 4061 mulietos
1091 4009 1121 4061 et
1134 4024 1152 4062 a
1164 4025 1190 4063 o.
1222 4009 1362 4065 ‘Vet-

172 4082 321 4151 stissimrim
338 4099 484 4166 exemplar,
504 4096 635 4152 Mulieres
655 4099 684 4151 et
702 4114 720 4150 a
738 4096 888 4165 campestri
903 4096 967 4150 etc’
989 4096 1127 4151 Victorius
1182 4098 1309 4153 burbur·
1333 4117 1362 4141 ⁴

175 4186 265 4239 PAB
290 4185 429 4240 Victorius
451 4203 586 4254 gurgures
605 4203 629 4242 v.
668 4184 820 4253 ‘Gurprrres
840 4186 871 4238 in
888 4201 974 4238 manu
992 4186 1102 4254 scriptis
1120 4187 1219 4240 inueni
1238 4193 1362 4240 αηβι

174 4275 266 4326 emensi
289 4274 432 4328 Barbaros
454 4275 599 4329 habebant’
627 4275 778 4341 Victorius,
802 4275 850 4344 qui
872 4275 959 4327 voluit
980 4275 1056 4329 torni
1078 4275 1159 4329 dubie
1182 4275 1362 4330 burbue·

176 4362 209 4414 iri
218 4378 290 4414 man.
307 4367 331 4414 et
344 4363 440 4416 deinde
453 4367 546 4418 excusi
560 4350 694 4433 gurgures
750 4370 782 4417 19
797 4364 860 4417 feno
875 4363 902 4415 A
916 4363 999 4417 foeno
1015 4363 1069 4416 VB
1125 4369 1158 4417 20
1172 4363 1267 4418 fabam
1330 4387 1362 4398 ⁴

174 4449 311 4503 medicam
335 4450 452 4505 Ursinus
523 4459 556 4506 21
577 4451 764 4507 obiiciendum
788 4452 814 4506 V
