3000 5026
601 305 809 360 PRAEFATIO
1241 305 1281 358 IX

136 476 209 534 nort
231 477 446 534 eontinentur.
463 477 536 535 dere
555 475 682 534 Bustica
703 473 708 548 Ι
729 474 771 534 M.
790 475 911 535 Catonis
926 521 932 534 .
948 476 1025 535 liber
1044 493 1123 535 unus
1138 522 1144 534 .
1159 475 1283 534 terentii

143 581 312 640 Varronis.
328 582 401 640 libri
415 627 421 640 .
437 581 493 641 III
505 627 511 640 .
527 583 663 659 sequitur
686 583 815 659 primum
838 581 926 640 index
951 580 1147 658 capitulorum
1163 580 1281 640 Catonis

135 696 300 748 atramento
334 690 464 766 scriptus
495 688 633 766 praefixis
666 691 798 749 numeris
829 685 880 766 qui
912 687 1031 748 rubrica
1063 689 1167 768 scripti
1202 695 1282 767 sunt,

136 794 243 855 deiude
263 797 448 873 prooemium
468 794 587 855 Catonis
607 794 694 855 simili
714 797 837 876 ratione,
860 803 948 874 atque
968 797 1075 874 quain
1096 794 1190 855 titulis
1209 796 1281 855 seri·

136 901 241 961 bandis
265 899 404 960 librarius
429 920 501 962 usus
521 911 593 982 erat,
616 904 795 962 intermissis
815 902 990 982 quibusdam
1011 904 1112 982 spatiis
1128 904 1281 982 sumptum,

136 1009 216 1089 quod
241 1018 397 1087 propterea
412 1008 470 1068 huc
488 1008 762 1069 transscribendum
778 1012 887 1090 curavi,
911 1021 974 1070 tam
989 1013 1051 1091 ipse
1067 1009 1186 1071 Catonis
1205 1009 1281 1070 liber

136 1125 166 1176 et
191 1115 330 1176 Varronis
353 1113 422 1175 libri
450 1125 513 1175 tres
537 1134 605 1176 eum
633 1115 728 1176 titulis
752 1118 847 1196 primo
871 1115 947 1176 libro
974 1117 1140 1196 praefixis.
1161 1135 1227 1176 nam
1250 1119 1280 1176 iu
1387 1160 1390 1167 -

135 1223 267 1285 secundo
292 1233 321 1283 et
344 1224 433 1282 tertio
457 1222 533 1282 libro
558 1241 617 1282 non
641 1224 758 1284 additus
778 1231 824 1284 est
842 1222 1039 1304 capitulorum
1057 1224 1146 1284 index
1161 1271 1168 1284 .
1184 1225 1281 1284 omnia

134 1334 228 1410 igitur
248 1331 305 1390 hoe
328 1329 431 1390 ordine
456 1333 566 1410 sortpta
586 1339 664 1410 sant,
689 1334 709 1392 I
728 1334 881 1405 Quomodo
905 1351 1014 1407 aprum
1034 1336 1093 1393 emi
1111 1335 1283 1408 pararique

134 1444 276 1516 oporteat
287 1471 323 1479 —-
338 1439 455 1498 CLXX
466 1440 512 1500 Ile
525 1443 647 1499 salsura
662 1439 750 1515 aselle
760 1437 923 1516 puteolana
943 1439 947 1516 Ι
968 1440 1049 1500 EST
1059 1440 1218 1500 INTEBD
1225 1440 1286 1499 VM

135 1544 359 1605 Paestana
382 1546 628 1608 MECATUBIS
655 1548 751 1607 REM
782 1548 955 1620 QERERE
974 1549 1064 1608 NISI
1092 1548 1179 1607 TAM
1199 1550 1281 1623 peri-

134 1657 272 1714 culosum
294 1655 341 1712 sit.
366 1651 371 1728 Ι
392 1653 431 1712 El
455 1656 493 1712 ne
513 1651 657 1728 fenerari
674 1657 702 1714 si
723 1662 784 1715 tam
802 1657 958 1716 honestum
980 1659 1028 1719 sit.
1048 1655 1131 1715 XVI
1147 1655 1283 1714 Maiores

135 1762 236 1820 nostri
257 1763 302 1820 sie
325 1761 499 1821 habuerunt
521 1768 551 1821 et
574 1750 618 1821 ita
641 1764 671 1821 in
691 1764 807 1836 lepidus
825 1763 928 1822 XVII
943 1763 947 1838 Ι
965 1766 1167 1839 posiuerunt.
1179 1760 1282 1837 furem

134 1869 223 1943 dupli
239 1869 459 1943 condempnari
467 1914 473 1926 .
481 1866 689 1942 feneratorem
703 1872 885 1947 quadrupli.
896 1877 1009 1944 quanto
1021 1873 1156 1946 peiorem
1168 1862 1171 1952 Ι
1184 1872 1282 1929 aluam

134 1977 352 2034 existimarunt
384 1973 591 2048 feneratorem
628 1993 718 2050 quam
753 1975 854 2047 furem
890 1979 962 2037 ltine
999 1980 1069 2038 lieet
1106 1979 1290 2037 existimare·

135 2081 258 2140 XVIII
304 2083 309 2157 Ι
337 2082 362 2141 V
392 2088 422 2142 et
452 2085 554 2142 uirum
587 2084 695 2143 tanum
726 2101 794 2143 eum
828 2086 998 2145 laudabant
1029 2087 1072 2144 ita
1105 2084 1282 2143 laudabant.

135 2189 276 2248 XVIIII
313 2188 318 2265 Ι
339 2190 448 2251 honrem
472 2193 640 2264 apriculam
664 2191 831 2265 bonumque
855 2189 994 2252 aolonum'
1015 2193 1195 2267 amplissime
1217 2194 1282 2250 lau-

134 2298 210 2356 dari
222 2296 457 2357 existimabatur
476 2291 481 2376 Ι
502 2300 556 2372 qui
569 2300 612 2358 ita
626 2299 814 2358 laudabatur
828 2299 895 2358 XX
934 2299 938 2372 Ι
960 2299 1168 2358 Mereaturem
1183 2303 1283 2358 autem

133 2409 293 2463 strenuum
319 2405 544 2478 studiosumque
572 2407 621 2464 rei
646 2408 801 2479 querende
830 2398 1101 2486 existimaueruml
1127 2412 1161 2465 ut
1187 2423 1282 2481 supra

134 2513 205 2570 dixi
227 2512 434 2585 periculosum
457 2517 487 2571 et
509 2514 718 2571 calamitosum
736 2513 823 2571 XXI
860 2513 865 2587 Ι
887 2512 927 2571 nt
949 2530 989 2573 ex
1008 2514 1154 2587 apricolis
1173 2519 1203 2573 et
1219 2514 1285 2571 uiri

130 2618 296 2694 fortissimi
317 2624 346 2677 et
368 2622 475 2678 melotes
498 2621 701 2679 strenuissimi
719 2623 890 2695 pipnuntur
909 2622 1100 2695 maximeque
1123 2622 1189 2692 (uel
1205 2622 1283 2680 alias

131 2729 203 2801 plus
213 2725 244 2784 in
254 2718 403 2806 margine)
410 2727 482 2802 pius
491 2732 613 2800 questus
623 2728 891 2802 stabilissimusque
900 2730 1095 2802 consequitur
1105 2729 1284 2801 minimeque
1383 2724 1391 2751 ·’

135 2829 307 2892 inuidiosus
326 2833 431 2892 XXII
446 2832 451 2906 Ι
471 2833 656 2906 Minimeque
675 2837 753 2892 male
772 2837 924 2908 apitantes
937 2841 1008 2894 sunt
1021 2836 1119 2908 quiin
1134 2851 1169 2894 eo
1183 2837 1283 2894 studio

134 2941 282 3015 occupati
300 2946 371 2999 sunt
388 2957 470 3001 nune
489 2947 523 3000 ut
541 2942 584 2999 ad
600 2955 664 2998 rem
684 2957 719 2999 re
739 2935 743 3017 Ι
765 2940 851 2998 deam
871 2942 953 3012 quod
967 2942 1097 3016 promisi
1115 2943 1283 3000 institutum

129 3047 322 3123 principiam
344 3047 402 3107 noe
425 3050 485 3106 erit
504 3042 509 3124 Ι
531 3047 717 3118 Iouomodo
742 3062 851 3121 aprum
875 3049 935 3106 emi
948 3048 1119 3122 pararique
1136 3052 1282 3121 oporteat.

133 3155 306 3213 Praedium
341 3186 379 3194 -
415 3158 568 3227 tannetur.
594 3146 598 3234 Ι
625 3152 666 3231 M.
704 3152 826 3212 Catonis
859 3154 896 3213 de
929 3153 1125 3226 apricultura
1158 3156 1284 3229 explicit
1320 3194 1325 3203 .

130 3260 271 3336 feliciter
292 3255 296 3338 Ι
324 3260 471 3321 Varronis
496 3260 611 3320 Iterum
631 3260 830 3320 Bastlearum
854 3263 892 3320 de
915 3262 1111 3336 apricultura
1134 3261 1212 3319 liber
1227 3307 1232 3319 .
1250 3261 1270 3319 I
1277 3261 1297 3322 ,¹

135 3370 246 3444 incipit
269 3361 430 3447 feliciter!
456 3368 515 3439 (lui
543 3370 634 3442 praei
663 3369 701 3427 de
730 3369 926 3440 apriaultura
955 3369 1137 3443 scripserint
1164 3399 1205 3409 -
1231 3373 1286 3427 aut

137 3476 381 3535 aduendendum.
402 3476 407 3547 Ι
428 3474 532 3534 Potius
565 3491 658 3533 essem
687 3479 866 3534 consecutus
895 3506 927 3514 —
956 3477 1013 3535 noa
1046 3491 1131 3550 quem
1158 3477 1287 3550 exposui

136 3581 249 3641 habito.
271 3575 276 3658 Ι
298 3580 341 3641 M.
368 3580 515 3659 Varronis
533 3598 638 3641 rerum
657 3582 845 3641 rusticarum
862 3582 911 3640 lib.
927 3582 984 3642 III
995 3584 1128 3659 explicit.
1165 3578 1284 3640 Catonis

134 3687 213 3747 liber
237 3686 387 3747 distineIIs
410 3689 580 3748 intermissa
605 3690 699 3766 spatio
723 3686 860 3765 capitulis
883 3694 914 3746 et
937 3687 1078 3766 adpositis
1102 3689 1132 3747 ln
1152 3688 1283 3783 maffiine

136 3795 275 3855 numeris
307 3795 505 3873 capitulorum
529 3797 658 3874 scriptus
683 3801 736 3854 est.
783 3792 873 3874 tituli,
897 3793 974 3853 sient
997 3796 1027 3854 in
1051 3793 1148 3855 indice
1173 3792 1284 3873 capitu-

137 3900 235 3962 lorum
269 3903 374 3980 scripti
407 3909 505 3980 erant,
538 3903 600 3962 suis
633 3901 705 3961 loeis
738 3901 858 3982 repetiti
892 3906 922 3960 et
953 3899 1129 3979 plerumque
1161 3902 1193 3960 io
1226 3901 1284 3960 fine

136 4027 293 4089 versuum,
323 4007 376 4069 ubi
400 4010 527 4087 spatium
552 4010 700 4088 scriptura
724 4025 850 4068 vacuum
874 4008 938 4065 eius
962 4008 1006 4064 rei
1036 4023 1123 4065 causa
1147 4007 1285 4067 relietum

135 4121 216 4187 erat,
239 4117 334 4176 rarius
358 4117 389 4175 in
412 4114 595 4196 marginibus
619 4117 723 4195 scripti
743 4123 821 4196 sunt,
844 4113 1011 4193 praeposita
1030 4113 1061 4170 in
1080 4113 1180 4191 priore
1199 4120 1283 4191 parte

134 4221 210 4283 libri
243 4240 338 4301 usque
373 4223 407 4282 ad
441 4242 465 4284 e.
499 4219 541 4285 68
575 4224 629 4283 udi
658 4225 811 4284 uindemio
843 4221 912 4300 ete.,'
944 4219 1022 4300 quod
1049 4221 1081 4278 iu
1110 4218 1211 4279 codiee
1239 4228 1285 4280 est

135 4343 271 4403 LXXVII,
294 4329 324 4388 R
347 4328 458 4390 littera:
483 4348 550 4390 nam
574 4332 604 4389 in
624 4329 739 4410 reliqua
757 4337 841 4409 parte
859 4336 978 4407 praeter
997 4345 1108 4407 pausos
1128 4326 1231 4387 titulos
1250 4345 1284 4386 aa

140 4432 236 4496 littera
267 4437 378 4497 omtssa
406 4445 458 4497 est.
506 4445 536 4497 et
565 4438 682 4498 numeri
705 4443 735 4497 et
758 4434 816 4516 ipsi
838 4433 917 4496 tituli
941 4434 1032 4496 rubra
1057 4433 1156 4495 ealore
1180 4436 1284 4514 scripti
