3000 5026
168 318 231 382 120
659 317 844 374 VARRONlS

138 488 243 546 4meis
263 486 340 564 quod
360 487 456 563 prosit
474 486 580 545 iacere.
618 488 756 564 quocirca
776 485 903 546 scribam
923 486 977 547 tibi
996 496 1057 547 tres
1076 487 1168 547 libros
1187 489 1310 570 indices,

167 594 202 653 ad
227 611 301 671 quos
325 598 483 672 revertare,
508 594 592 670 siqua
616 594 646 651 in
665 610 698 651 re
718 612 852 675 quaeres,
877 612 964 672 quern
984 594 1018 653 atl
1038 594 1159 656 modum
1178 595 1310 674 quidque

165 708 195 761 te
218 702 249 759 in
273 698 396 759 colendo
421 707 553 777 oporteat
577 699 684 760 facere.
708 707 738 758 et
761 702 909 782 quoniam,
932 707 966 781 ut
984 702 1075 785 aiunt,
1100 701 1148 760 dci
1167 701 1310 762 facientes

165 807 312 885 adiuvant,
335 807 419 884 prius
443 804 585 865 invocabo
609 823 668 885 eos,
692 824 756 886 nec,
780 816 813 866 ut
832 806 978 868 Homerus
1002 815 1031 868 et
1054 806 1177 888 Ennius,
1201 807 1310 889 Musas,

164 913 215 972 sed
241 913 396 972 duodecim
420 912 491 972 deos
515 914 680 993 consentis3
703 931 799 991 neque
824 921 922 973 tamen
945 932 996 974 eos
1020 913 1157 995 urbanoS,
1182 933 1310 993 quorum
1335 929 1345 969 a

166 1022 309 1098 imagines
338 1020 372 1079 ad
398 1019 496 1079 iorum
519 1027 638 1079 auratae
663 1026 754 1100 stant,
778 1039 829 1080 sex
853 1039 950 1080 mares
974 1030 1004 1079 et
1027 1021 1153 1081 feminae
1176 1022 1310 1101 totidem,

138 1127 221 1186 ised
244 1126 310 1186 illos
333 1141 383 1186 xlr
402 1127 481 1207 cleos,
506 1128 558 1206 qui
576 1128 702 1186 maxime
722 1127 917 1205 agricolarum
936 1126 1027 1187 duces
1047 1134 1124 1187 sunt.
1171 1129 1310 1207 primum,

164 1235 216 1312 qui
247 1235 343 1293 omnis
371 1234 484 1293 fructos
513 1235 575 1312 agri
599 1233 733 1294 culturae
757 1233 837 1294 caelo
861 1244 891 1294 et
914 1241 994 1294 terra
1018 1235 1184 1315 continent,
1212 1233 1309 1295 lovem

164 1347 193 1400 et
216 1339 379 1402 Tellurem:
412 1342 525 1420 itaque,
555 1341 633 1420 quod
657 1343 677 1400 ii
702 1348 853 1421 parentes,
876 1342 975 1418 magni
998 1340 1152 1422 dicuntur,
1170 1340 1310 1420 luppiter

164 1455 249 1526 pater
273 1446 453 1527 appellatur,
478 1446 578 1507 Tellus
603 1457 682 1507 terra
706 1455 809 1508 mater.
855 1447 986 1527 secundo
1011 1446 1109 1507 Solem
1133 1454 1163 1507 et
1187 1447 1309 1529 Lunam,
1322 1463 1342 1502 11

165 1572 292 1633 quorum
311 1563 444 1633 tempora
463 1554 667 1634 observantur,
686 1572 754 1615 cum
774 1555 916 1632 quaedam
932 1560 1073 1614 seruntur
1088 1562 1118 1613 et
1132 1554 1311 1615 conduntur.

164 1664 251 1722 tertio
271 1661 410 1722 Cererem
430 1669 459 1721 et
473 1660 623 1741 Liberum,
642 1661 721 1739 quod
741 1660 847 1722 horum
867 1662 983 1722 fructus
1002 1663 1128 1721 maxime
1147 1663 1310 1721 necessarii

139 1768 202 1827 6ad
232 1769 355 1829 victum:
384 1767 419 1827 ab
447 1767 493 1828 his
524 1770 603 1828 enirn
632 1767 716 1829 cibus
745 1775 774 1828 ct
802 1769 882 1846 potio
911 1771 991 1829 venit
1018 1787 1034 1827 e
1057 1767 1158 1827 lundo.
1205 1775 1309 1846 quarto

164 1874 310 1953 Robigum
344 1894 376 1936 ac
410 1875 541 1955 Floram,
579 1875 688 1955 quibus
721 1877 859 1954 propitiis
894 1895 990 1955 neque
1024 1874 1127 1954 robigo
1161 1875 1309 1935 frumenta

164 1990 253 2061 atque
283 1982 405 2043 arbores
433 1984 613 2064 corrumpit,
641 2000 738 2061 neque
767 2000 826 2043 nou
849 1984 1024 2059 tempestive
1047 1981 1163 2041 llorent.
1210 1983 1309 2060 itaque
1322 1995 1343 2035 15

164 2089 282 2168 publice
316 2088 429 2167 Robigo
463 2090 553 2149 leriae
585 2088 749 2169 Robigalia,
782 2088 886 2148 Florae
918 2088 981 2148 ludi
1012 2086 1138 2148 Floralia
1170 2089 1309 2148 instituti.

163 2199 235 2256 item
263 2196 425 2256 adveneror
448 2196 609 2256 Minervam
638 2205 668 2256 et
693 2195 848 2275 Venerem,
878 2213 1003 2274 quarum
1027 2196 1115 2255 unius
1138 2197 1309 2273 procuratio

164 2303 276 2383 oliveti,
307 2301 429 2363 alterius
457 2302 626 2383 hortorum,
656 2321 714 2380 quo
742 2304 861 2362 nomine
889 2303 1001 2362 rustica
1025 2300 1135 2362 Vinalia
1163 2302 1309 2363 instituta.

164 2428 219 2469 nec
247 2427 306 2469 non
335 2411 423 2469 etiam
453 2427 559 2488 precor
586 2407 748 2488 Lympham
776 2427 809 2468 ac
837 2407 953 2469 Bonum
981 2408 1139 2488 Ereptum,
1169 2410 1310 2487 quoniam

163 2518 227 2576 sine
256 2536 330 2595 aqua
359 2518 455 2576 omnis
482 2516 562 2576 arida
586 2535 620 2575 ac
644 2517 752 2575 misera
776 2517 839 2593 agri
863 2514 992 2595 cultura,
1021 2517 1084 2574 sine
1108 2533 1254 2576 successu
1277 2530 1346 2576 ac2⁰

138 2627 155 2682 7
167 2622 244 2682 bono
268 2630 375 2683 eventu
399 2623 551 2683 frustratio
576 2630 629 2703 est,
653 2640 712 2683 uon
736 2620 860 2682 cultura.
906 2624 943 2682 iis
966 2623 1057 2699 igitur
1080 2621 1144 2680 deis
1167 2622 1203 2681 ad
1223 2641 1309 2682 vene·

163 2731 308 2790 rationem
333 2730 497 2810 advocatis,
521 2748 575 2808 ego
599 2730 726 2789 reseram
749 2746 902 2788 sermones
926 2746 977 2788 eos
1002 2745 1076 2806 quos
1100 2728 1136 2788 de
1160 2730 1226 2807 agri
1250 2729 1310 2790 oul-

165 2844 230 2897 tura
253 2835 411 2898 babuimus
434 2855 539 2918 nuper,
563 2855 598 2896 ex
623 2836 731 2916 quibus
757 2836 828 2916 quid
852 2846 880 2896 te
904 2835 1001 2896 lacere
1025 2842 1161 2914 oporteat
1179 2837 1310 2897 animad-

164 2950 278 3003 vertere
297 2947 418 3022 poteris.
464 2947 495 3005 in
520 2945 587 3023 quis
611 2959 685 3024 quae
710 2945 909 3005 noninerunt
928 2952 958 3002 et
977 2959 1111 3021 quaereS,
1135 2942 1275 3003 indicabo
1294 2962 1311 3003 a

163 3049 271 3128 quibus
295 3051 491 3131 scriptoribus
515 3059 632 3130 repetas
656 3057 686 3110 et
708 3037 823 3127 graecis
847 3057 876 3109 et
899 3051 1018 3109 nostris.
1325 3063 1349 3102 11

234 3245 249 3290 2
270 3244 410 3296 reuertere
431 3242 487 3296 VB
505 3236 654 3295 reuerteris
667 3236 695 3289 A
767 3243 783 3289 3
803 3237 831 3289 te
849 3235 1027 3292 intecolendo
1042 3237 1070 3290 A
1138 3243 1154 3292 ὅ
1174 3254 1223 3294 cos
1243 3241 1310 3294 sub-

162 3327 283 3382 urbanos
303 3331 361 3384 Am
433 3327 610 3382 otoeminae
634 3323 661 3376 V
732 3324 955 3393 Vagricolarum
972 3327 1020 3382 Ao
1040 3325 1229 3396 agricolarum
1251 3327 1310 3383 PB

233 3423 249 3471 8
271 3419 359 3472 omnis
379 3417 484 3470 fructos
500 3414 528 3466 P
544 3417 606 3469 o'm‘s
624 3413 771 3489 fructosA
788 3429 885 3468 omnes
899 3413 1004 3468 fructos
1020 3417 1048 3470 B
1067 3415 1156 3470 omnis
1170 3415 1308 3470 fructosa

234 3513 249 3560 9
275 3507 394 3561 telnrem
412 3504 440 3557 A
512 3501 608 3571 itaque
628 3502 703 3572 quod
721 3501 740 3556 ii
760 3506 889 3572 parentes
908 3505 936 3559 B
959 3503 1096 3560 Victorius
1113 3505 1210 3573 itaque
1235 3506 1307 3572 quod

162 3630 192 3683 hi
216 3631 346 3700 parentes
366 3629 392 3683 V
408 3627 504 3695 itaque
523 3627 597 3695 quod
617 3606 671 3681 (11111
686 3631 816 3698 parentes
831 3630 859 3683 A
873 3629 968 3697 itaque
982 3629 1058 3697 quod
1071 3630 1126 3685 duo
1140 3631 1272 3699 parentes
1281 3648 1305 3684 m

234 3716 361 3786 luppiter
389 3715 415 3769 V
445 3715 548 3784 iupiter
571 3716 597 3769 A
629 3715 754 3786 iuppiter
780 3723 812 3772 ct
839 3719 946 3772 clamor
973 3734 1042 3773 corr.
1071 3719 1175 3788 iupiter
1205 3722 1233 3774 B

164 3810 197 3858 10
219 3805 303 3858 tellus
321 3807 398 3859 terra
415 3806 504 3859 mater
522 3804 583 3859 AB
605 3805 743 3862 Victorius
761 3807 845 3860 tellus
864 3823 931 3862 uero
950 3811 1041 3862 mater
1065 3808 1092 3861 V
1162 3814 1194 3863 11
1216 3808 1300 3864 obser-

162 3894 264 3946 unnbnr
288 3894 314 3947 V
335 3893 519 3948 obserbantur
537 3896 565 3949 B
586 3895 805 3949 obseruabantur
822 3896 850 3949 A
923 3897 1063 3968 seruntur]
1084 3899 1231 3952 seruantur
1250 3897 1354 3967 Aa*

235 3989 267 4037 12
286 3983 404 4038 tercium
419 3984 477 4038 Am
548 3984 697 4039 necessarii
708 3983 788 4038 ABo
803 3984 980 4038 necessariP
1050 3991 1083 4038 14
1101 4001 1193 4053 neque
1207 3986 1354 4056 robigs

165 4073 221 4128 VB
248 4089 338 4143 neque
368 4073 468 4142 rubigo
492 4073 519 4126 A
598 4078 629 4126 to
659 4074 743 4140 atque
767 4074 848 4128 ABo
876 4073 966 4141 adque
992 4075 1019 4125 P
1090 4080 1123 4129 1‘1
1151 4075 1354 4149 merum-

162 4198 316 4253 cdueneror
339 4199 366 4254 A
437 4164 509 4251 nnius
535 4199 563 4251 A
638 4203 670 4251 19
689 4196 824 4267 limpham
851 4197 879 4250 A
951 4204 986 4252 20
1004 4197 1119 4268 miseria
1142 4200 1170 4254 A
1248 4200 1354 4270 si}

163 4288 304 4356 successu]
334 4302 369 4356 cc
397 4283 457 4339 sine
487 4303 616 4342 successu
647 4286 675 4340 B
747 4292 779 4340 21
804 4286 839 4340 iis
863 4286 950 4355 igitur
975 4287 1033 4342 PB
1055 4287 1079 4342 is
1102 4286 1190 4357 igitur
1212 4288 1240 4341 A
1269 4290 1354 4353 k

162 4373 287 4443 igiturc
360 4380 394 4430 23
413 4374 450 4445 ad
479 4375 703 4429 animaduertere
717 4375 745 4428 Β
816 4381 851 4430 25
870 4378 995 4445 repertas
1014 4377 1106 4431 ABm
1124 4376 1249 4447 reperias

165 4463 283 4536 ‘Optimi
314 4467 474 4536 exemplaris
501 4466 659 4532 diuersitas,
693 4465 888 4533 locutionisque
915 4466 1025 4519 nocitus
1051 4468 1212 4535 scrupulum
1238 4483 1289 4518 rr
1321 4486 1354 4518 τ
