3000 5026
184 301 250 365 318
674 301 864 355 VARRONIS

183 475 343 527 contentus
365 476 412 527 est
433 466 489 527 bac
512 464 648 546 piscina?
671 470 739 546 quis
757 475 861 527 contra
880 471 1054 528 maritumas
1073 487 1131 528 non
1150 488 1187 528 ex
1205 471 1332 548 piscinis

157 574 314 652 isingrrlis
348 573 478 653 [plures]
510 577 686 634 coniunctas
717 574 806 634 habet
837 572 954 654 pluris?
985 594 1054 635 nam
1085 584 1120 636 ut
1146 575 1269 636 Pausias
1301 586 1332 634 et

184 683 278 741 ceteri
305 684 437 760 pictores
464 681 598 740 eiusdem
620 684 740 758 generis
762 681 906 741 loculatas
929 701 1051 760 magnas
1073 682 1182 742 babent
1205 682 1333 760 uculas,

184 788 237 848 ubi
264 786 428 848 discolores
455 790 515 846 sint
543 806 642 866 cerae,
670 788 714 846 sic
736 786 786 846 bic
809 787 952 847 loculatas
975 789 1084 848 babent
1108 791 1252 868 piscinas,
1280 788 1333 850 ubi

184 895 318 973 dispares
346 892 494 953 disclusas
515 892 627 952 babent
649 895 760 972 pisces,
788 912 878 974 quos,
905 894 1031 972 proinde
1054 905 1088 954 ut
1110 896 1189 954 sacri
1213 897 1274 953 sint
1298 913 1332 953 ac
1363 917 1377 956 5

184 1003 349 1060 sanctiores
380 1018 469 1079 quam
496 999 539 1058 illi
567 1003 597 1059 in
621 999 725 1079 Lydia,
753 1019 827 1078 quos
855 1002 1034 1060 sacrificanti
1059 1001 1126 1079 tibi,
1155 999 1261 1079 Varro,
1296 1002 1333 1060 ad

184 1106 337 1167 tibicinem
370 1125 510 1185 graecum
537 1109 680 1184 gregatim
709 1109 825 1166 senisse
853 1107 974 1167 dicebas
1001 1108 1037 1168 ad
1066 1116 1232 1167 extremum
1260 1107 1335 1168 litus

187 1223 275 1294 atque
299 1232 389 1293 aram,
412 1213 491 1292 qnod
515 1231 566 1271 eos
589 1231 696 1290 capere
719 1214 844 1274 auderet
866 1233 962 1294 nemo,
985 1233 1054 1274 eum
1073 1215 1177 1274 eodem
1196 1223 1337 1292 tempore

186 1321 300 1382 insulas
332 1321 509 1381 ludouorum
541 1318 584 1378 ibi
612 1319 772 1380 choreusas
802 1321 939 1401 vidisses,
971 1324 1014 1382 sic
1042 1321 1098 1380 bos
1125 1324 1217 1399 piscis
1244 1340 1337 1380 nemo

161 1433 282 1490 bcocus
305 1430 336 1488 in
359 1430 406 1486 ius
429 1444 534 1486 vocare
557 1427 654 1485 audet.
700 1428 829 1497 Quintus
852 1427 1029 1488 Hortensius
1053 1427 1205 1487 familiaris
1231 1438 1337 1487 noster
1352 1452 1380 1488 ro

187 1554 255 1597 cum
282 1537 413 1614 piscinas
440 1533 565 1592 baberet
593 1551 696 1610 magua
723 1537 849 1612 pecunia
878 1535 1046 1594 aedificatas
1074 1535 1110 1595 ad
1138 1534 1260 1613 Baulos,
1294 1538 1336 1594 ita

188 1661 275 1721 saepe
303 1661 370 1702 curu
400 1660 434 1700 eo
462 1641 498 1700 ad
528 1639 624 1699 rillam
652 1613 711 1719 lui,
736 1649 769 1699 ut
797 1641 880 1701 illum
908 1644 999 1701 sciam
1027 1659 1146 1719 semper
1173 1644 1204 1701 in
1228 1661 1337 1702 cenam

162 1751 289 1828 tipisces
312 1747 451 1808 Puteolos
478 1750 596 1806 mittere
623 1755 755 1825 emptum
783 1747 910 1807 solitum.
957 1766 1054 1827 neque
1082 1751 1154 1808 satis
1176 1758 1239 1809 erat
1265 1767 1337 1809 eum

188 1874 247 1915 uon
280 1856 361 1934 pasci
395 1873 411 1914 e
443 1856 581 1933 piscinis,
617 1855 676 1912 nisi
712 1856 801 1912 etiam
833 1855 898 1931 ipse
930 1873 982 1914 eos
1014 1864 1150 1932 pasceret
1180 1853 1263 1914 ultro
1300 1873 1337 1914 ac

187 1965 329 2022 maiorem
348 1980 450 2021 curam
470 1960 526 2020 sibi
546 1959 678 2038 baberet,
697 1979 734 2019 ne
754 1963 818 2020 eius
837 1963 987 2021 esurirent
1006 1961 1090 2021 mulli
1111 1959 1224 2040 [asini],
1245 1979 1336 2039 quam
1354 1980 1379 2020 1⁵

187 2087 242 2146 ego
271 2066 377 2146 babeo,
405 2086 442 2126 ne
470 2068 529 2126 mei
558 2068 588 2125 in
613 2066 707 2126 Rosea
731 2070 864 2127 esuriant
887 2070 978 2148 asini,
1007 2077 1037 2127 et
1061 2067 1181 2146 quidem
1204 2077 1338 2146 utraque

187 2192 235 2248 re,
263 2181 293 2234 et
316 2172 382 2234 cibo
406 2183 436 2233 et
460 2175 592 2253 potione,
620 2192 688 2233 cum
712 2192 771 2233 non
795 2173 883 2252 paulo
907 2176 1125 2252 sumptuosius,
1155 2193 1245 2253 quam
1270 2194 1338 2255 ego,

186 2283 371 2341 ministraret
398 2282 518 2340 rictum.
564 2298 619 2358 ego
647 2282 727 2339 enim
754 2298 815 2340 uno
843 2280 973 2361 servulo,
1001 2280 1114 2340 hordeo
1141 2299 1201 2340 non
1230 2281 1338 2361 multo,

238 2548 250 2594 1
267 2541 431 2594 maritumas
443 2539 533 2593 PAR
547 2538 729 2592 maritimasc
779 2546 794 2592 2
809 2539 905 2609 pluras
914 2543 1009 2611 priore
1018 2543 1075 2596 loco
1084 2542 1112 2596 A
1158 2549 1174 2596 3
1189 2542 1296 2596 caeteri
1312 2543 1340 2595 Γ

252 2629 374 2698 pictores
394 2629 449 2682 VB
463 2627 603 2698 picatores
618 2628 645 2680 A
659 2628 788 2697 pastores
801 2646 828 2683 m
895 2636 912 2683 4
928 2630 994 2684 ‘Vbi
1008 2631 1160 2685 discolores
1173 2633 1230 2684 sint
1244 2648 1336 2685 cerae.

187 2720 280 2772 Antea
302 2719 333 2771 io
355 2719 475 2782 excusis,
503 2717 558 2770 Vbi
579 2718 683 2770 diuersi
705 2718 804 2772 colam
826 2721 882 2772 siut
905 2721 1022 2774 discreti.
1060 2721 1110 2774 Ita
1132 2721 1278 2774 emendari
1301 2738 1337 2774 cc

182 2808 286 2875 priscis
304 2807 513 2873 exemplaribus,
533 2806 640 2860 modica
658 2807 726 2859 mitt
745 2807 867 2860 libertate
884 2809 1016 2875 permissa
1030 2829 1039 2861 .·
1053 2809 1085 2862 in
1103 2810 1161 2862 allis
1176 2810 1259 2875 euim,
1277 2808 1336 2862 Vbi

132 2895 337 3015 ·'⁴·‘-d'pcolores
352 2894 409 2947 sint
423 2895 528 2949 cetera’
551 2895 688 2949 Victorius
755 2895 848 2966 cerae]
864 2897 959 2951 cetera
972 2896 1028 2950 PA
1044 2901 1155 2951 caetera
1168 2897 1196 2950 B
1210 2903 1304 2951 certas
1319 2914 1336 2950 a

258 2983 304 3038 hic
331 2984 468 3037 loculatas
496 2983 582 3036 habet
604 2982 664 3036 AB
691 2989 717 3036 et
739 2988 771 3036 ut
793 2985 901 3038 videtur
923 2985 952 3038 P
972 2985 1003 3038 hi
1025 2986 1164 3040 loculatas
1187 2986 1296 3039 habent
1319 3004 1336 3039 c

213 3020 232 3157 d
250 3078 265 3126 ὅ
285 3072 421 3126 disclusos
436 3072 541 3126 habent
560 3071 616 3124 VB
631 3070 766 3124 disculsos
781 3072 905 3126 habeant
919 3074 946 3126 A
1000 3081 1016 3128 6
1034 3073 1202 3128 sacrificanti
1212 3074 1268 3128 tibi
1282 3075 1336 3129 Iu-

186 3163 293 3219 cimdus
307 3160 465 3215 sacrificant
480 3160 522 3213 lbi
539 3159 627 3212 VAB
682 3165 697 3213 7
711 3160 857 3214 tibicinem
870 3178 1001 3231 graecum
1017 3163 1164 3218 Iucundos
1177 3162 1336 3218 tubicinum

187 3267 319 3321 graecum
348 3248 438 3303 VAB
456 3290 463 3303 .
483 3250 619 3302 hactenus
647 3266 710 3302 cum
739 3251 930 3305 uetustissimo
958 3241 1053 3305 codice
1081 3252 1229 3306 emendaui
1246 3295 1251 3307 .
1266 3270 1336 3307 nam

186 3337 277 3405 reliqu
300 3336 330 3390 in
347 3337 398 3391 illo
422 3337 536 3407 quidem
556 3338 635 3391 deest
652 3339 801 3406 adscripsit
821 3339 855 3392 P.
899 3340 1050 3408 ‘Optimus
1077 3358 1110 3395 ac
1132 3344 1338 3398 uetustissimus

186 3426 278 3507 codeq,
296 3425 460 3480 Tubicinam
476 3424 611 3481 Graecum
629 3469 635 3480 .
651 3427 727 3496 Quae
741 3434 881 3496 postrema
898 3431 983 3483 uerlm
1001 3431 1033 3484 ia
1051 3447 1080 3485 eo
1096 3436 1161 3484 suut
1175 3453 1182 3484 ε
1197 3433 1336 3501 reliquum

185 3517 347 3570 cuim-libri
369 3516 476 3582 defecit’
508 3516 651 3570 Victorius.
688 3517 727 3570 In
750 3518 779 3571 B
800 3535 904 3587 quoque
926 3519 1033 3587 reliqua
1057 3520 1122 3573 libri
1139 3536 1211 3589 pars
1233 3523 1336 3576 omissa

186 3611 246 3661 cst.
280 3621 311 3658 ro
330 3606 379 3658 hoc
397 3605 554 3671 adscriptae
571 3609 636 3657 suut
659 3606 784 3660 lectiones
802 3610 918 3661 duorum
936 3609 1059 3661 codicum
1078 3594 1336 3675 Laurentiaus‘rust

187 3694 322 3758 51,1(s)
342 3693 525 3759 ct51,2(b)
582 3692 749 3760 sadqueA
804 3682 1341 3781 auderetnemoAnemoaudeietbs

187 3781 310 3835 audebat
332 3796 413 3833 nemo
432 3797 458 3833 m
530 3781 604 3851 cum]
624 3785 722 3837 eumb
795 3789 811 3837 9
834 3784 999 3839 ludonorum
1018 3787 1095 3854 Asm
1113 3787 1334 3844 ludoancramt

258 3885 387 3923 corcusas
406 3868 434 3923 A
457 3885 605 3924 concussas
625 3872 640 3925 b
666 3887 794 3925 coruscas
812 3874 830 3938 f
849 3874 970 3928 circueas
993 3892 1020 3928 m
1039 3873 1190 3930 choreusas
1210 3876 1335 3948 Scatipcr

217 3994 219 3999 .
240 3957 291 4013 hos
309 3957 394 4027 piscis
412 3958 524 4013 Merula
541 3976 592 4014 nos
611 3960 695 4028 piscis
709 3961 736 4013 A
753 3978 805 4015 nos
823 3961 914 4030 pisces
933 3964 948 4017 b
953 3965 971 4031 s
1022 3970 1054 4017 10
1073 3963 1235 4041 hortensius
1253 3967 1333 4034 quin-

186 4049 231 4102 tus
246 4048 395 4139 Aer-,41
416 4049 452 4102 ad
470 4048 570 4103 baulos
586 4049 644 4102 Am
663 4049 698 4103 ab
719 4049 816 4129 baulps
829 4051 901 4129 bah
915 4053 1043 4118 oculoss
1089 4059 1121 4107 13
1139 4054 1256 4108 salitum
1269 4056 1300 4109 A

188 4143 221 4190 14
243 4137 322 4206 pasci
345 4154 360 4191 s
381 4137 497 4206 piscinis
515 4139 533 4203 f
551 4153 633 4206 pasce
652 4136 767 4215 piscinis
785 4139 813 4192 A
831 4155 946 4209 pascere
964 4140 1078 4210 piscinis
1098 4143 1144 4196 brt
1222 4160 1271 4198 eos
1289 4142 1335 4209 Ar

187 4242 234 4279 eas
253 4227 300 4280 tm
372 4214 500 4294 pasceret
515 4226 627 4280 Merula
646 4240 760 4294 pascere
773 4227 845 4294 Abf
914 4235 946 4283 15
965 4248 999 4284 ne
1019 4229 1077 4284 eins
1094 4229 1235 4284 esurirent
1253 4230 1333 4286 mulli

187 4314 334 4369 Iucurtdus
351 4330 386 4368 ne
405 4313 465 4367 eius
484 4316 621 4368 esurirent
638 4315 706 4368 muli
727 4315 800 4370 asini
814 4318 861 4370 Ab
880 4319 958 4387 peius
977 4317 1130 4373 esurierant
1143 4319 1251 4386 asiuif
1301 4326 1334 4375 16

186 4400 216 4455 in
234 4405 387 4457 roseaAm
405 4403 434 4456 in
452 4420 517 4457 rosa
535 4404 574 4471 bf
643 4409 674 4456 17
694 4420 724 4458 re
742 4407 829 4473 cm.s
898 4413 931 4460 18
950 4408 1060 4463 seruolo
1075 4410 1096 4476 f
