<?xml version="1.0" encoding="UTF-8"?>
<!DOCTYPE html PUBLIC "-//W3C//DTD XHTML 1.0 Transitional//EN"
    "http://www.w3.org/TR/xhtml1/DTD/xhtml1-transitional.dtd">
<html xmlns="http://www.w3.org/1999/xhtml" xml:lang="en" lang="en">
 <head>
  <title>
</title>
<meta http-equiv="Content-Type" content="text/html;charset=utf-8" />
  <meta name='ocr-system' content='tesseract 3.04.00' />
  <meta name='ocr-capabilities' content='ocr_page ocr_carea ocr_par ocr_line ocrx_word'/>
</head>
<body>
  <div class='ocr_page' id='page_1' title='image "./mporcicatonisde01keilgoog_0012.png"; bbox 0 0 3000 5026; ppageno 0'>
   <div class='ocr_carea' id='block_1_1' title="bbox 590 337 1275 400">
    <p class='ocr_par' dir='ltr' id='par_1_1' title="bbox 590 337 1275 400">
     <span class='ocr_line' id='line_1_1' title="bbox 590 337 1275 400; baseline 0.015 -10"><span class='ocrx_word' id='word_1_1' title='bbox 590 337 794 393; x_wconf 80' lang='lat' dir='ltr'><strong>PRAEFATIO</strong></span> <span class='ocrx_word' id='word_1_2' title='bbox 1248 344 1275 400; x_wconf 86' lang='lat' dir='ltr'><strong>V</strong></span> 
     </span>
    </p>
   </div>
   <div class='ocr_carea' id='block_1_2' title="bbox 123 505 1277 1122">
    <p class='ocr_par' dir='ltr' id='par_1_2' title="bbox 123 505 1277 1122">
     <span class='ocr_line' id='line_1_2' title="bbox 126 505 1277 585; baseline 0.007 -20"><span class='ocrx_word' id='word_1_3' title='bbox 126 513 199 566; x_wconf 90' lang='lat' dir='ltr'><em>sunt</em></span> <span class='ocrx_word' id='word_1_4' title='bbox 213 527 220 566; x_wconf 93' lang='lat'>:</span> <span class='ocrx_word' id='word_1_5' title='bbox 233 510 386 580; x_wconf 90' lang='lat' dir='ltr'><em>reliquum</em></span> <span class='ocrx_word' id='word_1_6' title='bbox 415 509 494 566; x_wconf 91' lang='lat' dir='ltr'><em>enim</em></span> <span class='ocrx_word' id='word_1_7' title='bbox 521 509 595 566; x_wconf 89' lang='lat' dir='ltr'><em>libri</em></span> <span class='ocrx_word' id='word_1_8' title='bbox 622 505 741 581; x_wconf 80' lang='lat' dir='ltr'><em>defecit.</em></span> <span class='ocrx_word' id='word_1_9' title='bbox 788 509 869 568; x_wconf 90' lang='lat' dir='ltr'><em>Hinc</em></span> <span class='ocrx_word' id='word_1_10' title='bbox 897 515 997 569; x_wconf 90' lang='lat' dir='ltr'><em>autem</em></span> <span class='ocrx_word' id='word_1_11' title='bbox 1027 513 1188 585; x_wconf 84' lang='lat' dir='ltr'><em>intepritas</em></span> <span class='ocrx_word' id='word_1_12' title='bbox 1212 515 1277 573; x_wconf 92' lang='lat' dir='ltr'><em>eius</em></span> 
     </span>
     <span class='ocr_line' id='line_1_3' title="bbox 127 615 1276 694; baseline 0.006 -20"><span class='ocrx_word' id='word_1_13' title='bbox 127 616 244 675; x_wconf 91' lang='lat' dir='ltr'><em>codicis</em></span> <span class='ocrx_word' id='word_1_14' title='bbox 268 615 403 688; x_wconf 82' lang='lat' dir='ltr'><em>intellepi</em></span> <span class='ocrx_word' id='word_1_15' title='bbox 421 620 531 690; x_wconf 90' lang='lat' dir='ltr'><em>potest,</em></span> <span class='ocrx_word' id='word_1_16' title='bbox 555 617 638 688; x_wconf 91' lang='lat' dir='ltr'><em>quod</em></span> <span class='ocrx_word' id='word_1_17' title='bbox 659 621 827 675; x_wconf 77' lang='lat' dir='ltr'><em>extremum</em></span> <span class='ocrx_word' id='word_1_18' title='bbox 850 618 932 676; x_wconf 91' lang='lat' dir='ltr'><em>bunc</em></span> <span class='ocrx_word' id='word_1_19' title='bbox 955 618 1066 677; x_wconf 91' lang='lat' dir='ltr'><em>librum</em></span> <span class='ocrx_word' id='word_1_20' title='bbox 1089 622 1213 694; x_wconf 89' lang='lat' dir='ltr'><em>multae,</em></span> <span class='ocrx_word' id='word_1_21' title='bbox 1238 639 1276 681; x_wconf 92' lang='lat' dir='ltr'><em>ac</em></span> 
     </span>
     <span class='ocr_line' id='line_1_4' title="bbox 126 724 1259 801; baseline 0.006 -21"><span class='ocrx_word' id='word_1_22' title='bbox 126 739 258 796; x_wconf 84' lang='lat' dir='ltr'><em>maqnae</em></span> <span class='ocrx_word' id='word_1_23' title='bbox 285 724 425 781; x_wconf 92' lang='lat' dir='ltr'><em>maculae</em></span> <span class='ocrx_word' id='word_1_24' title='bbox 452 725 553 781; x_wconf 90' lang='lat' dir='ltr'><em>statim</em></span> <span class='ocrx_word' id='word_1_25' title='bbox 581 729 795 798; x_wconf 90' lang='lat' dir='ltr'><em>occuparunt:</em></span> <span class='ocrx_word' id='word_1_26' title='bbox 811 741 891 797; x_wconf 91' lang='lat' dir='ltr'><em>quae</em></span> <span class='ocrx_word' id='word_1_27' title='bbox 919 731 1010 784; x_wconf 91' lang='lat' dir='ltr'><em>antea</em></span> <span class='ocrx_word' id='word_1_28' title='bbox 1033 729 1196 801; x_wconf 81' lang='lat' dir='ltr'><em>superstite</em></span> <span class='ocrx_word' id='word_1_29' title='bbox 1225 731 1259 789; x_wconf 93' lang='lat' dir='ltr'><em>ill</em></span> 
     </span>
     <span class='ocr_line' id='line_1_5' title="bbox 126 830 1275 911; baseline 0.006 -22"><span class='ocrx_word' id='word_1_30' title='bbox 126 847 188 890; x_wconf 92' lang='lat' dir='ltr'><em>non</em></span> <span class='ocrx_word' id='word_1_31' title='bbox 216 835 278 889; x_wconf 93' lang='lat' dir='ltr'><em>tam</em></span> <span class='ocrx_word' id='word_1_32' title='bbox 307 832 436 890; x_wconf 79' lang='lat' dir='ltr'><em>licenter</em></span> <span class='ocrx_word' id='word_1_33' title='bbox 463 830 675 911; x_wconf 69' lang='lat' dir='ltr'><em>nudabantur,</em></span> <span class='ocrx_word' id='word_1_34' title='bbox 703 836 758 890; x_wconf 90' lang='lat' dir='ltr'><em>out</em></span> <span class='ocrx_word' id='word_1_35' title='bbox 783 833 812 889; x_wconf 86' lang='lat' dir='ltr'><em>si</em></span> <span class='ocrx_word' id='word_1_36' title='bbox 838 833 1002 906; x_wconf 78' lang='lat' dir='ltr'><em>improbius</em></span> <span class='ocrx_word' id='word_1_37' title='bbox 1029 850 1062 892; x_wconf 89' lang='lat' dir='ltr'><em>se</em></span> <span class='ocrx_word' id='word_1_38' title='bbox 1089 838 1275 910; x_wconf 78' lang='lat' dir='ltr'><em>extulissent,</em></span> 
     </span>
     <span class='ocr_line' id='line_1_6' title="bbox 123 937 1274 1017; baseline 0.004 -21"><span class='ocrx_word' id='word_1_39' title='bbox 123 943 269 1012; x_wconf 90' lang='lat' dir='ltr'><em>poterant</em></span> <span class='ocrx_word' id='word_1_40' title='bbox 287 938 444 997; x_wconf 91' lang='lat' dir='ltr'><em>coerceri.</em></span> <span class='ocrx_word' id='word_1_41' title='bbox 460 937 525 1013; x_wconf 89' lang='lat' dir='ltr'><em>Ipse</em></span> <span class='ocrx_word' id='word_1_42' title='bbox 544 955 625 996; x_wconf 91' lang='lat' dir='ltr'><em>nunc</em></span> <span class='ocrx_word' id='word_1_43' title='bbox 644 954 678 997; x_wconf 93' lang='lat' dir='ltr'><em>eo</em></span> <span class='ocrx_word' id='word_1_44' title='bbox 694 939 851 1012; x_wconf 88' lang='lat' dir='ltr'><em>praesidio</em></span> <span class='ocrx_word' id='word_1_45' title='bbox 871 939 1038 1011; x_wconf 88' lang='lat' dir='ltr'><em>destitutus,</em></span> <span class='ocrx_word' id='word_1_46' title='bbox 1057 942 1133 1013; x_wconf 94' lang='lat' dir='ltr'><em>quid</em></span> <span class='ocrx_word' id='word_1_47' title='bbox 1146 940 1274 1017; x_wconf 82' lang='lat' dir='ltr'><em>sociam,</em></span> 
     </span>
     <span class='ocr_line' id='line_1_7' title="bbox 125 1045 1274 1122; baseline 0.005 -19"><span class='ocrx_word' id='word_1_48' title='bbox 125 1062 186 1103; x_wconf 92' lang='lat' dir='ltr'><em>non</em></span> <span class='ocrx_word' id='word_1_49' title='bbox 209 1045 305 1104; x_wconf 90' lang='lat' dir='ltr'><em>babeo</em></span> <span class='ocrx_word' id='word_1_50' title='bbox 321 1047 483 1118; x_wconf 90' lang='lat' dir='ltr'><em>:quamuis</em></span> <span class='ocrx_word' id='word_1_51' title='bbox 506 1047 585 1104; x_wconf 91' lang='lat' dir='ltr'><em>enim</em></span> <span class='ocrx_word' id='word_1_52' title='bbox 605 1047 720 1120; x_wconf 89' lang='lat' dir='ltr'><em>plures,</em></span> <span class='ocrx_word' id='word_1_53' title='bbox 743 1061 834 1104; x_wconf 91' lang='lat' dir='ltr'><em>manu</em></span> <span class='ocrx_word' id='word_1_54' title='bbox 853 1047 983 1122; x_wconf 90' lang='lat' dir='ltr'><em>scriptos</em></span> <span class='ocrx_word' id='word_1_55' title='bbox 1003 1047 1097 1106; x_wconf 91' lang='lat' dir='ltr'><em>libros</em></span> <span class='ocrx_word' id='word_1_56' title='bbox 1115 1051 1274 1110; x_wconf 86' lang='lat' dir='ltr'><em>consulere</em></span> 
     </span>
    </p>
   </div>
   <div class='ocr_carea' id='block_1_3' title="bbox 121 1153 1364 1226">
    <p class='ocr_par' dir='ltr' id='par_1_3' title="bbox 121 1153 1364 1226">
     <span class='ocr_line' id='line_1_8' title="bbox 121 1153 1364 1226; baseline 0.003 -16"><span class='ocrx_word' id='word_1_57' title='bbox 121 1153 243 1226; x_wconf 89' lang='lat' dir='ltr'><em>possim,</em></span> <span class='ocrx_word' id='word_1_58' title='bbox 262 1157 379 1211; x_wconf 91' lang='lat' dir='ltr'><em>certum</em></span> <span class='ocrx_word' id='word_1_59' title='bbox 399 1158 499 1212; x_wconf 90' lang='lat' dir='ltr'><em>tamen</em></span> <span class='ocrx_word' id='word_1_60' title='bbox 518 1154 633 1225; x_wconf 90' lang='lat' dir='ltr'><em>ducem,</em></span> <span class='ocrx_word' id='word_1_61' title='bbox 653 1167 712 1225; x_wconf 92' lang='lat' dir='ltr'><em>quo</em></span> <span class='ocrx_word' id='word_1_62' title='bbox 731 1154 882 1224; x_wconf 74' lang='lat' dir='ltr'><em>confidam</em></span> <span class='ocrx_word' id='word_1_63' title='bbox 901 1169 961 1212; x_wconf 94' lang='lat' dir='ltr'><em>non</em></span> <span class='ocrx_word' id='word_1_64' title='bbox 979 1154 1153 1214; x_wconf 79' lang='lat' dir='ltr'><em>bubcozille</em></span> <span class='ocrx_word' id='word_1_65' title='bbox 1172 1161 1272 1215; x_wconf 89' lang='lat' dir='ltr'><em>autem</em></span> <span class='ocrx_word' id='word_1_66' title='bbox 1362 1179 1364 1183; x_wconf 94' lang='lat'>·</span> 
     </span>
    </p>
   </div>
   <div class='ocr_carea' id='block_1_4' title="bbox 111 1259 1329 4542">
    <p class='ocr_par' dir='ltr' id='par_1_4' title="bbox 122 1259 1312 2301">
     <span class='ocr_line' id='line_1_9' title="bbox 123 1259 1271 1333; baseline 0.004 -17"><span class='ocrx_word' id='word_1_67' title='bbox 123 1275 217 1333; x_wconf 83' lang='lat' dir='ltr'><em>saepe</em></span> <span class='ocrx_word' id='word_1_68' title='bbox 244 1259 319 1317; x_wconf 91' lang='lat' dir='ltr'><em>mibi</em></span> <span class='ocrx_word' id='word_1_69' title='bbox 342 1260 373 1316; x_wconf 93' lang='lat' dir='ltr'><em>in</em></span> <span class='ocrx_word' id='word_1_70' title='bbox 397 1261 484 1318; x_wconf 93' lang='lat' dir='ltr'><em>malis</em></span> <span class='ocrx_word' id='word_1_71' title='bbox 507 1259 599 1318; x_wconf 90' lang='lat' dir='ltr'><em>rebus</em></span> <span class='ocrx_word' id='word_1_72' title='bbox 621 1260 786 1318; x_wconf 90' lang='lat' dir='ltr'><em>subuenire</em></span> <span class='ocrx_word' id='word_1_73' title='bbox 808 1261 930 1320; x_wconf 87' lang='lat' dir='ltr'><em>solebat.</em></span> <span class='ocrx_word' id='word_1_74' title='bbox 976 1261 1040 1321; x_wconf 87' lang='lat' dir='ltr'><em>Sed</em></span> <span class='ocrx_word' id='word_1_75' title='bbox 1059 1263 1158 1320; x_wconf 89' lang='lat' dir='ltr'><em>maius</em></span> <span class='ocrx_word' id='word_1_76' title='bbox 1181 1264 1271 1321; x_wconf 89' lang='lat' dir='ltr'><em>ctiam</em></span> 
     </span>
     <span class='ocr_line' id='line_1_10' title="bbox 124 1363 1271 1444; baseline 0.004 -20"><span class='ocrx_word' id='word_1_77' title='bbox 124 1367 268 1424; x_wconf 89' lang='lat' dir='ltr'><em>damnum</em></span> <span class='ocrx_word' id='word_1_78' title='bbox 294 1363 438 1440; x_wconf 80' lang='lat' dir='ltr'><em>fecimus,</em></span> <span class='ocrx_word' id='word_1_79' title='bbox 466 1368 554 1440; x_wconf 90' lang='lat' dir='ltr'><em>quod</em></span> <span class='ocrx_word' id='word_1_80' title='bbox 580 1369 723 1440; x_wconf 89' lang='lat' dir='ltr'><em>antiquus</em></span> <span class='ocrx_word' id='word_1_81' title='bbox 751 1368 800 1426; x_wconf 93' lang='lat' dir='ltr'><em>rei</em></span> <span class='ocrx_word' id='word_1_82' title='bbox 825 1370 961 1427; x_wconf 82' lang='lat' dir='ltr'><em>rusticae</em></span> <span class='ocrx_word' id='word_1_83' title='bbox 988 1371 1135 1444; x_wconf 81' lang='lat' dir='ltr'><em>scriptor,</em></span> <span class='ocrx_word' id='word_1_84' title='bbox 1167 1371 1195 1428; x_wconf 90' lang='lat' dir='ltr'><em>si</em></span> <span class='ocrx_word' id='word_1_85' title='bbox 1220 1371 1271 1429; x_wconf 90' lang='lat' dir='ltr'><em>bic</em></span> 
     </span>
     <span class='ocr_line' id='line_1_11' title="bbox 122 1471 1269 1554; baseline 0.003 -23"><span class='ocrx_word' id='word_1_86' title='bbox 122 1473 202 1532; x_wconf 88' lang='lat' dir='ltr'><em>liber</em></span> <span class='ocrx_word' id='word_1_87' title='bbox 225 1474 367 1547; x_wconf 92' lang='lat' dir='ltr'><em>temporis</em></span> <span class='ocrx_word' id='word_1_88' title='bbox 391 1473 523 1532; x_wconf 88' lang='lat' dir='ltr'><em>iniurias</em></span> <span class='ocrx_word' id='word_1_89' title='bbox 545 1471 760 1547; x_wconf 84' lang='lat' dir='ltr'><em>subtersuqere</em></span> <span class='ocrx_word' id='word_1_90' title='bbox 779 1477 939 1554; x_wconf 89' lang='lat' dir='ltr'><em>potuisset,</em></span> <span class='ocrx_word' id='word_1_91' title='bbox 963 1493 1025 1534; x_wconf 92' lang='lat' dir='ltr'><em>una</em></span> <span class='ocrx_word' id='word_1_92' title='bbox 1049 1492 1117 1535; x_wconf 91' lang='lat' dir='ltr'><em>cum</em></span> <span class='ocrx_word' id='word_1_93' title='bbox 1141 1493 1175 1537; x_wconf 92' lang='lat' dir='ltr'><em>eo</em></span> <span class='ocrx_word' id='word_1_94' title='bbox 1199 1494 1269 1537; x_wconf 92' lang='lat' dir='ltr'><em>con·</em></span> 
     </span>
     <span class='ocr_line' id='line_1_12' title="bbox 122 1582 1270 1655; baseline 0.003 -17"><span class='ocrx_word' id='word_1_95' title='bbox 122 1584 267 1638; x_wconf 88' lang='lat' dir='ltr'><em>seruatus</em></span> <span class='ocrx_word' id='word_1_96' title='bbox 295 1584 372 1637; x_wconf 88' lang='lat' dir='ltr'><em>esset</em></span> <span class='ocrx_word' id='word_1_97' title='bbox 386 1597 393 1636; x_wconf 94' lang='lat'><strong>:</strong></span> <span class='ocrx_word' id='word_1_98' title='bbox 408 1585 438 1638; x_wconf 92' lang='lat' dir='ltr'><em>et</em></span> <span class='ocrx_word' id='word_1_99' title='bbox 465 1582 572 1653; x_wconf 87' lang='lat' dir='ltr'><em>ulium,</em></span> <span class='ocrx_word' id='word_1_100' title='bbox 605 1586 820 1654; x_wconf 81' lang='lat' dir='ltr'><em>quemtamen</em></span> <span class='ocrx_word' id='word_1_101' title='bbox 847 1582 1003 1655; x_wconf 90' lang='lat' dir='ltr'><em>babemus,</em></span> <span class='ocrx_word' id='word_1_102' title='bbox 1034 1585 1270 1643; x_wconf 78' lang='lat' dir='ltr'><em>emendatiorem</em></span> 
     </span>
     <span class='ocr_line' id='line_1_13' title="bbox 125 1680 1269 1764; baseline 0.005 -20"><span class='ocrx_word' id='word_1_103' title='bbox 125 1692 160 1745; x_wconf 96' lang='lat' dir='ltr'><em>ut</em></span> <span class='ocrx_word' id='word_1_104' title='bbox 179 1691 266 1760; x_wconf 92' lang='lat' dir='ltr'><em>puto,</em></span> <span class='ocrx_word' id='word_1_105' title='bbox 290 1680 490 1746; x_wconf 66' lang='lat' dir='ltr'><em>deberemus?</em></span> <span class='ocrx_word' id='word_1_106' title='bbox 536 1693 690 1764; x_wconf 89' lang='lat' dir='ltr'><em>praeterea</em></span> <span class='ocrx_word' id='word_1_107' title='bbox 716 1688 746 1746; x_wconf 91' lang='lat' dir='ltr'><em>in</em></span> <span class='ocrx_word' id='word_1_108' title='bbox 771 1689 857 1747; x_wconf 91' lang='lat' dir='ltr'><em>variis</em></span> <span class='ocrx_word' id='word_1_109' title='bbox 881 1687 1058 1749; x_wconf 90' lang='lat' dir='ltr'><em>lectionibus</em></span> <span class='ocrx_word' id='word_1_110' title='bbox 1082 1708 1158 1750; x_wconf 91' lang='lat' dir='ltr'><em>anno</em></span> <span class='ocrx_word' id='word_1_111' title='bbox 1184 1685 1269 1750; x_wconf 83' lang='lat'>1553</span> 
     </span>
     <span class='ocr_line' id='line_1_14' title="bbox 125 1790 1269 1856; baseline 0.003 -5"><span class='ocrx_word' id='word_1_112' title='bbox 125 1791 213 1851; x_wconf 87' lang='lat' dir='ltr'><em>editis</em></span> <span class='ocrx_word' id='word_1_113' title='bbox 237 1790 365 1852; x_wconf 85' lang='lat' dir='ltr'><em>eundem</em></span> <span class='ocrx_word' id='word_1_114' title='bbox 389 1791 521 1852; x_wconf 82' lang='lat' dir='ltr'><em>codicem</em></span> <span class='ocrx_word' id='word_1_115' title='bbox 546 1792 592 1852; x_wconf 93' lang='lat' dir='ltr'><em>bis</em></span> <span class='ocrx_word' id='word_1_116' title='bbox 611 1795 852 1854; x_wconf 85' lang='lat' dir='ltr'><em>commemoravit</em></span> <span class='ocrx_word' id='word_1_117' title='bbox 871 1794 919 1854; x_wconf 91' lang='lat' dir='ltr'><em>lib.</em></span> <span class='ocrx_word' id='word_1_118' title='bbox 939 1791 980 1855; x_wconf 82' lang='lat'><em>31</em></span> <span class='ocrx_word' id='word_1_119' title='bbox 1002 1814 1026 1855; x_wconf 94' lang='lat' dir='ltr'><em>c.</em></span> <span class='ocrx_word' id='word_1_120' title='bbox 1046 1792 1088 1855; x_wconf 80' lang='lat'><em>23</em></span> <span class='ocrx_word' id='word_1_121' title='bbox 1108 1804 1138 1855; x_wconf 91' lang='grc'><em>01</em></span> <span class='ocrx_word' id='word_1_122' title='bbox 1157 1795 1206 1856; x_wconf 91' lang='lat' dir='ltr'><em>lib.</em></span> <span class='ocrx_word' id='word_1_123' title='bbox 1226 1792 1269 1856; x_wconf 83' lang='lat'><em>32</em></span> 
     </span>
     <span class='ocr_line' id='line_1_15' title="bbox 122 1894 1312 1980; baseline 0.004 -22"><span class='ocrx_word' id='word_1_124' title='bbox 122 1917 148 1959; x_wconf 90' lang='grc'><em>0.</em></span> <span class='ocrx_word' id='word_1_125' title='bbox 174 1894 223 1958; x_wconf 91' lang='grc'><em>11.</em></span> <span class='ocrx_word' id='word_1_126' title='bbox 257 1906 324 1977; x_wconf 86' lang='grc'><strong>0001</strong></span> <span class='ocrx_word' id='word_1_127' title='bbox 343 1897 507 1960; x_wconf 75' lang='grc'><strong>1101001000</strong></span> <span class='ocrx_word' id='word_1_128' title='bbox 535 1919 595 1960; x_wconf 88' lang='lat' dir='ltr'><em>non</em></span> <span class='ocrx_word' id='word_1_129' title='bbox 618 1903 717 1960; x_wconf 87' lang='lat' dir='ltr'><em>inveni</em></span> <span class='ocrx_word' id='word_1_130' title='bbox 741 1920 756 1960; x_wconf 93' lang='lat' dir='ltr'><em>a</em></span> <span class='ocrx_word' id='word_1_131' title='bbox 781 1919 928 1980; x_wconf 89' lang='lat' dir='ltr'><em>quoquam</em></span> <span class='ocrx_word' id='word_1_132' title='bbox 954 1901 1064 1962; x_wconf 90' lang='lat' dir='ltr'><em>codicis</em></span> <span class='ocrx_word' id='word_1_133' title='bbox 1087 1904 1268 1963; x_wconf 88' lang='lat' dir='ltr'><em>mentionem</em></span> <span class='ocrx_word' id='word_1_134' title='bbox 1310 1902 1312 1906; x_wconf 76' lang='grc'>’</span> 
     </span>
     <span class='ocr_line' id='line_1_16' title="bbox 122 2007 1267 2086; baseline 0.004 -22"><span class='ocrx_word' id='word_1_135' title='bbox 122 2007 228 2065; x_wconf 86' lang='lat' dir='ltr'><em>iactam</em></span> <span class='ocrx_word' id='word_1_136' title='bbox 258 2023 336 2080; x_wconf 86' lang='lat' dir='ltr'><em>esse,</em></span> <span class='ocrx_word' id='word_1_137' title='bbox 366 2024 462 2084; x_wconf 89' lang='lat' dir='ltr'><em>neque</em></span> <span class='ocrx_word' id='word_1_138' title='bbox 492 2009 522 2066; x_wconf 90' lang='lat' dir='ltr'><em>in</em></span> <span class='ocrx_word' id='word_1_139' title='bbox 546 2007 677 2086; x_wconf 84' lang='lat' dir='ltr'><em>catalogo</em></span> <span class='ocrx_word' id='word_1_140' title='bbox 701 2007 836 2068; x_wconf 89' lang='lat' dir='ltr'><em>codicum</em></span> <span class='ocrx_word' id='word_1_141' title='bbox 860 2007 1056 2069; x_wconf 87' lang='lat' dir='ltr'><em>bibliothecae</em></span> <span class='ocrx_word' id='word_1_142' title='bbox 1079 2009 1267 2070; x_wconf 85' lang='lat' dir='ltr'><em>Florentinae</em></span> 
     </span>
     <span class='ocr_line' id='line_1_17' title="bbox 126 2110 1267 2197; baseline 0.004 -26"><span class='ocrx_word' id='word_1_143' title='bbox 126 2113 154 2172; x_wconf 90' lang='lat' dir='ltr'><em>S.</em></span> <span class='ocrx_word' id='word_1_144' title='bbox 174 2112 265 2172; x_wconf 90' lang='lat' dir='ltr'><em>Marci</em></span> <span class='ocrx_word' id='word_1_145' title='bbox 289 2130 365 2171; x_wconf 82' lang='lat' dir='ltr'><em>anno</em></span> <span class='ocrx_word' id='word_1_146' title='bbox 392 2110 477 2174; x_wconf 81' lang='lat'>1768</span> <span class='ocrx_word' id='word_1_147' title='bbox 502 2115 587 2192; x_wconf 87' lang='lat' dir='ltr'><em>iacto,</em></span> <span class='ocrx_word' id='word_1_148' title='bbox 611 2117 641 2173; x_wconf 91' lang='lat' dir='ltr'><em>in</em></span> <span class='ocrx_word' id='word_1_149' title='bbox 662 2133 720 2192; x_wconf 87' lang='lat' dir='ltr'><em>quo</em></span> <span class='ocrx_word' id='word_1_150' title='bbox 740 2117 882 2192; x_wconf 83' lang='lat' dir='ltr'><em>nongenti</em></span> <span class='ocrx_word' id='word_1_151' title='bbox 901 2117 963 2176; x_wconf 87' lang='lat' dir='ltr'><em>iere</em></span> <span class='ocrx_word' id='word_1_152' title='bbox 983 2116 1110 2197; x_wconf 86' lang='lat' dir='ltr'><em>codices,</em></span> <span class='ocrx_word' id='word_1_153' title='bbox 1134 2118 1267 2195; x_wconf 87' lang='lat' dir='ltr'><em>quitum</em></span> 
     </span>
     <span class='ocr_line' id='line_1_18' title="bbox 126 2219 1018 2301; baseline 0.007 -23"><span class='ocrx_word' id='word_1_154' title='bbox 126 2219 169 2279; x_wconf 92' lang='lat' dir='ltr'><em>ibi</em></span> <span class='ocrx_word' id='word_1_155' title='bbox 192 2227 381 2299; x_wconf 80' lang='lat' dir='ltr'><em>supererant,</em></span> <span class='ocrx_word' id='word_1_156' title='bbox 405 2219 547 2300; x_wconf 81' lang='lat' dir='ltr'><em>descripti</em></span> <span class='ocrx_word' id='word_1_157' title='bbox 571 2230 654 2301; x_wconf 91' lang='lat' dir='ltr'><em>sunt,</em></span> <span class='ocrx_word' id='word_1_158' title='bbox 677 2224 741 2281; x_wconf 89' lang='lat' dir='ltr'><em>eius</em></span> <span class='ocrx_word' id='word_1_159' title='bbox 764 2224 906 2283; x_wconf 89' lang='lat' dir='ltr'><em>memoria</em></span> <span class='ocrx_word' id='word_1_160' title='bbox 930 2231 1018 2285; x_wconf 85' lang='lat' dir='ltr'><em>extat.</em></span> 
     </span>
    </p>

    <p class='ocr_par' dir='ltr' id='par_1_5' title="bbox 111 2325 1329 4542">
     <span class='ocr_line' id='line_1_19' title="bbox 210 2325 1268 2407; baseline 0.003 -21"><span class='ocrx_word' id='word_1_161' title='bbox 210 2326 357 2405; x_wconf 88' lang='lat' dir='ltr'><em>Principis</em></span> <span class='ocrx_word' id='word_1_162' title='bbox 390 2325 529 2387; x_wconf 89' lang='lat' dir='ltr'><em>editionis</em></span> <span class='ocrx_word' id='word_1_163' title='bbox 563 2327 730 2407; x_wconf 83' lang='lat' dir='ltr'><em>exemplum</em></span> <span class='ocrx_word' id='word_1_164' title='bbox 764 2347 831 2388; x_wconf 89' lang='lat' dir='ltr'><em>cum</em></span> <span class='ocrx_word' id='word_1_165' title='bbox 862 2329 1100 2390; x_wconf 82' lang='lat' dir='ltr'><em>adnotationibus</em></span> <span class='ocrx_word' id='word_1_166' title='bbox 1129 2330 1268 2390; x_wconf 82' lang='lat' dir='ltr'><em>Politiani</em></span> 
     </span>
     <span class='ocr_line' id='line_1_20' title="bbox 122 2434 1267 2518; baseline 0.002 -24"><span class='ocrx_word' id='word_1_167' title='bbox 122 2453 210 2494; x_wconf 86' lang='lat' dir='ltr'><em>manu</em></span> <span class='ocrx_word' id='word_1_168' title='bbox 240 2435 372 2514; x_wconf 83' lang='lat' dir='ltr'><em>scriptis,</em></span> <span class='ocrx_word' id='word_1_169' title='bbox 401 2452 437 2493; x_wconf 85' lang='lat' dir='ltr'><em>ex</em></span> <span class='ocrx_word' id='word_1_170' title='bbox 465 2452 523 2512; x_wconf 90' lang='lat' dir='ltr'><em>quo</em></span> <span class='ocrx_word' id='word_1_171' title='bbox 548 2437 686 2515; x_wconf 83' lang='lat' dir='ltr'><em>maxime,</em></span> <span class='ocrx_word' id='word_1_172' title='bbox 715 2443 872 2514; x_wconf 87' lang='lat' dir='ltr'><em>postquam</em></span> <span class='ocrx_word' id='word_1_173' title='bbox 896 2438 959 2515; x_wconf 89' lang='lat' dir='ltr'><em>ipse</em></span> <span class='ocrx_word' id='word_1_174' title='bbox 982 2434 1058 2495; x_wconf 91' lang='lat' dir='ltr'><em>liber</em></span> <span class='ocrx_word' id='word_1_175' title='bbox 1081 2437 1179 2518; x_wconf 85' lang='lat' dir='ltr'><em>periit,</em></span> <span class='ocrx_word' id='word_1_176' title='bbox 1203 2440 1267 2498; x_wconf 90' lang='lat' dir='ltr'><em>eius</em></span> 
     </span>
     <span class='ocr_line' id='line_1_21' title="bbox 122 2540 1265 2622; baseline 0.003 -21"><span class='ocrx_word' id='word_1_177' title='bbox 122 2541 266 2601; x_wconf 82' lang='lat' dir='ltr'><em>lectiones</em></span> <span class='ocrx_word' id='word_1_178' title='bbox 290 2549 526 2622; x_wconf 84' lang='lat' dir='ltr'><em>cognoscuntur,</em></span> <span class='ocrx_word' id='word_1_179' title='bbox 554 2543 687 2601; x_wconf 90' lang='lat' dir='ltr'><em>nuncin</em></span> <span class='ocrx_word' id='word_1_180' title='bbox 711 2540 828 2620; x_wconf 86' lang='lat' dir='ltr'><em>publica</em></span> <span class='ocrx_word' id='word_1_181' title='bbox 853 2540 1030 2602; x_wconf 82' lang='lat' dir='ltr'><em>bibliotheca</em></span> <span class='ocrx_word' id='word_1_182' title='bbox 1054 2542 1186 2604; x_wconf 76' lang='lat' dir='ltr'><em>Parisino</em></span> <span class='ocrx_word' id='word_1_183' title='bbox 1211 2552 1265 2604; x_wconf 91' lang='lat' dir='ltr'><em>est.</em></span> 
     </span>
     <span class='ocr_line' id='line_1_22' title="bbox 120 2647 1265 2728; baseline 0.003 -22"><span class='ocrx_word' id='word_1_184' title='bbox 120 2650 151 2708; x_wconf 92' lang='lat' dir='ltr'><em>in</em></span> <span class='ocrx_word' id='word_1_185' title='bbox 185 2647 241 2707; x_wconf 90' lang='lat' dir='ltr'><em>hoc</em></span> <span class='ocrx_word' id='word_1_186' title='bbox 268 2647 431 2708; x_wconf 89' lang='lat' dir='ltr'><em>Politianus</em></span> <span class='ocrx_word' id='word_1_187' title='bbox 464 2647 500 2708; x_wconf 91' lang='lat' dir='ltr'><em>de</em></span> <span class='ocrx_word' id='word_1_188' title='bbox 534 2648 635 2708; x_wconf 89' lang='lat' dir='ltr'><em>codice</em></span> <span class='ocrx_word' id='word_1_189' title='bbox 669 2666 684 2706; x_wconf 93' lang='lat' dir='ltr'><em>a</em></span> <span class='ocrx_word' id='word_1_190' title='bbox 713 2666 746 2708; x_wconf 90' lang='lat' dir='ltr'><em>se</em></span> <span class='ocrx_word' id='word_1_191' title='bbox 774 2648 880 2709; x_wconf 89' lang='lat' dir='ltr'><em>collato</em></span> <span class='ocrx_word' id='word_1_192' title='bbox 908 2658 975 2728; x_wconf 89' lang='lat' dir='ltr'><em>post</em></span> <span class='ocrx_word' id='word_1_193' title='bbox 1004 2648 1145 2710; x_wconf 86' lang='lat' dir='ltr'><em>Varronis</em></span> <span class='ocrx_word' id='word_1_194' title='bbox 1172 2649 1265 2710; x_wconf 90' lang='lat' dir='ltr'><em>libros</em></span> 
     </span>
     <span class='ocr_line' id='line_1_23' title="bbox 120 2754 1263 2838; baseline 0.003 -24"><span class='ocrx_word' id='word_1_195' title='bbox 120 2757 241 2833; x_wconf 89' lang='lat' dir='ltr'><em>scripsit</em></span> <span class='ocrx_word' id='word_1_196' title='bbox 263 2754 345 2836; x_wconf 84' lang='lat' dir='ltr'><em>haec,</em></span> <span class='ocrx_word' id='word_1_197' title='bbox 372 2756 491 2816; x_wconf 78' lang='lat' dir='ltr'><em>Contuli</em></span> <span class='ocrx_word' id='word_1_198' title='bbox 512 2773 567 2830; x_wconf 84' lang='lat' dir='ltr'><em>epo</em></span> <span class='ocrx_word' id='word_1_199' title='bbox 591 2757 667 2830; x_wconf 75' lang='lat' dir='ltr'><em>dap.</em></span> <span class='ocrx_word' id='word_1_200' title='bbox 692 2758 862 2817; x_wconf 88' lang='lat' dir='ltr'><em>Politianus</em></span> <span class='ocrx_word' id='word_1_201' title='bbox 889 2757 1011 2817; x_wconf 79' lang='lat' dir='ltr'><em>Catonis</em></span> <span class='ocrx_word' id='word_1_202' title='bbox 1033 2760 1096 2838; x_wconf 86' lang='lat' dir='ltr'><em>bos,</em></span> <span class='ocrx_word' id='word_1_203' title='bbox 1120 2775 1158 2817; x_wconf 93' lang='lat' dir='ltr'><em>ac</em></span> <span class='ocrx_word' id='word_1_204' title='bbox 1188 2758 1263 2818; x_wconf 90' lang='lat' dir='ltr'><em>Vor-</em></span> 
     </span>
     <span class='ocr_line' id='line_1_24' title="bbox 119 2859 1265 2926; baseline 0.003 -5"><span class='ocrx_word' id='word_1_205' title='bbox 119 2865 205 2923; x_wconf 92' lang='lat' dir='ltr'><em>ronis</em></span> <span class='ocrx_word' id='word_1_206' title='bbox 241 2880 345 2922; x_wconf 86' lang='lat' dir='ltr'><em>rerum</em></span> <span class='ocrx_word' id='word_1_207' title='bbox 377 2865 564 2923; x_wconf 89' lang='lat' dir='ltr'><em>rusticarum</em></span> <span class='ocrx_word' id='word_1_208' title='bbox 597 2859 712 2921; x_wconf 86' lang='lat' dir='ltr'><em>libellos</em></span> <span class='ocrx_word' id='word_1_209' title='bbox 726 2882 734 2922; x_wconf 77' lang='grc' dir='ltr'><strong><em>ε</em></strong></span> <span class='ocrx_word' id='word_1_210' title='bbox 749 2880 817 2922; x_wconf 93' lang='lat' dir='ltr'><em>cum</em></span> <span class='ocrx_word' id='word_1_211' title='bbox 848 2866 1050 2923; x_wconf 91' lang='lat' dir='ltr'><em>uetustissimo</em></span> <span class='ocrx_word' id='word_1_212' title='bbox 1082 2866 1189 2924; x_wconf 91' lang='lat' dir='ltr'><em>codice</em></span> <span class='ocrx_word' id='word_1_213' title='bbox 1203 2884 1210 2924; x_wconf 92' lang='lat'>:</span> <span class='ocrx_word' id='word_1_214' title='bbox 1225 2884 1265 2926; x_wconf 83' lang='lat' dir='ltr'><em>en</em></span> 
     </span>
     <span class='ocr_line' id='line_1_25' title="bbox 122 2969 1264 3043; baseline 0.002 -14"><span class='ocrx_word' id='word_1_215' title='bbox 122 2972 201 3030; x_wconf 83' lang='lat' dir='ltr'><em>lliui</em></span> <span class='ocrx_word' id='word_1_216' title='bbox 226 2969 342 3043; x_wconf 91' lang='lat' dir='ltr'><em>Marci,</em></span> <span class='ocrx_word' id='word_1_217' title='bbox 372 2970 549 3030; x_wconf 78' lang='lat' dir='ltr'><em>llorentina</em></span> <span class='ocrx_word' id='word_1_218' title='bbox 578 2969 759 3027; x_wconf 78' lang='lat' dir='ltr'><em>bibliotheca</em></span> <span class='ocrx_word' id='word_1_219' title='bbox 774 2970 841 3027; x_wconf 92' lang='lat' dir='ltr'><em>:sic</em></span> <span class='ocrx_word' id='word_1_220' title='bbox 863 2975 898 3027; x_wconf 93' lang='lat' dir='ltr'><em>ut</em></span> <span class='ocrx_word' id='word_1_221' title='bbox 919 2987 958 3028; x_wconf 92' lang='lat' dir='ltr'><em>ne</em></span> <span class='ocrx_word' id='word_1_222' title='bbox 981 2985 1017 3028; x_wconf 92' lang='grc'><em>00</em></span> <span class='ocrx_word' id='word_1_223' title='bbox 1042 2972 1175 3042; x_wconf 87' lang='lat' dir='ltr'><em>quidem,</em></span> <span class='ocrx_word' id='word_1_224' title='bbox 1204 2989 1264 3031; x_wconf 94' lang='lat' dir='ltr'><em>non</em></span> 
     </span>
     <span class='ocr_line' id='line_1_26' title="bbox 117 3075 1262 3152; baseline -0.002 -15"><span class='ocrx_word' id='word_1_225' title='bbox 117 3078 306 3138; x_wconf 83' lang='lat' dir='ltr'><em>ascriberem</em></span> <span class='ocrx_word' id='word_1_226' title='bbox 324 3080 353 3136; x_wconf 93' lang='lat' dir='ltr'><em>si</em></span> <span class='ocrx_word' id='word_1_227' title='bbox 369 3095 430 3151; x_wconf 90' lang='lat' dir='ltr'><em>quu</em></span> <span class='ocrx_word' id='word_1_228' title='bbox 449 3078 670 3152; x_wconf 90' lang='lat' dir='ltr'><em>deprauutiora</em></span> <span class='ocrx_word' id='word_1_229' title='bbox 689 3076 870 3134; x_wconf 88' lang='lat' dir='ltr'><em>uiderentur</em></span> <span class='ocrx_word' id='word_1_230' title='bbox 881 3075 952 3133; x_wconf 77' lang='grc'><strong>,1000</strong></span> <span class='ocrx_word' id='word_1_231' title='bbox 971 3076 1049 3133; x_wconf 86' lang='lat' dir='ltr'><em>enim</em></span> <span class='ocrx_word' id='word_1_232' title='bbox 1066 3075 1152 3134; x_wconf 94' lang='lat' dir='ltr'><em>nobis</em></span> <span class='ocrx_word' id='word_1_233' title='bbox 1166 3092 1262 3136; x_wconf 90' lang='lat' dir='ltr'><em>emen-</em></span> 
     </span>
     <span class='ocr_line' id='line_1_27' title="bbox 118 3183 1264 3257; baseline -0.002 -12"><span class='ocrx_word' id='word_1_234' title='bbox 118 3187 219 3246; x_wconf 91' lang='lat' dir='ltr'><em>dandi</em></span> <span class='ocrx_word' id='word_1_235' title='bbox 239 3201 333 3245; x_wconf 92' lang='lat' dir='ltr'><em>nouos</em></span> <span class='ocrx_word' id='word_1_236' title='bbox 356 3186 476 3244; x_wconf 91' lang='lat' dir='ltr'><em>codices</em></span> <span class='ocrx_word' id='word_1_237' title='bbox 499 3185 667 3244; x_wconf 88' lang='lat' dir='ltr'><em>institutum</em></span> <span class='ocrx_word' id='word_1_238' title='bbox 687 3183 827 3257; x_wconf 90' lang='lat' dir='ltr'><em>placuit:</em></span> <span class='ocrx_word' id='word_1_239' title='bbox 842 3184 956 3256; x_wconf 80' lang='lat' dir='ltr'><em>nequid</em></span> <span class='ocrx_word' id='word_1_240' title='bbox 972 3199 1012 3241; x_wconf 85' lang='lat' dir='ltr'><em>ex</em></span> <span class='ocrx_word' id='word_1_241' title='bbox 1030 3187 1133 3242; x_wconf 89' lang='lat' dir='ltr'><em>nostro</em></span> <span class='ocrx_word' id='word_1_242' title='bbox 1152 3188 1264 3243; x_wconf 86' lang='lat' dir='ltr'><em>temere</em></span> 
     </span>
     <span class='ocr_line' id='line_1_28' title="bbox 116 3286 1264 3366; baseline -0.003 -13"><span class='ocrx_word' id='word_1_243' title='bbox 116 3295 319 3366; x_wconf 80' lang='lat' dir='ltr'><em>ediceremus,</em></span> <span class='ocrx_word' id='word_1_244' title='bbox 345 3309 404 3351; x_wconf 91' lang='lat' dir='ltr'><em>neu</em></span> <span class='ocrx_word' id='word_1_245' title='bbox 427 3293 504 3365; x_wconf 92' lang='lat' dir='ltr'><em>quid</em></span> <span class='ocrx_word' id='word_1_246' title='bbox 524 3293 736 3365; x_wconf 87' lang='lat' dir='ltr'><em>omitteremus,</em></span> <span class='ocrx_word' id='word_1_247' title='bbox 760 3291 842 3362; x_wconf 92' lang='lat' dir='ltr'><em>quod</em></span> <span class='ocrx_word' id='word_1_248' title='bbox 864 3291 895 3348; x_wconf 93' lang='lat' dir='ltr'><em>in</em></span> <span class='ocrx_word' id='word_1_249' title='bbox 918 3290 1142 3362; x_wconf 79' lang='lat' dir='ltr'><em>antiquioribus</em></span> <span class='ocrx_word' id='word_1_250' title='bbox 1165 3286 1264 3350; x_wconf 82' lang='grc' dir='ltr'><em>000001-Ι</em></span> 
     </span>
     <span class='ocr_line' id='line_1_29' title="bbox 111 3397 1263 3477; baseline -0.004 -17"><span class='ocrx_word' id='word_1_251' title='bbox 111 3400 257 3477; x_wconf 89' lang='lat' dir='ltr'><em>plaribus</em></span> <span class='ocrx_word' id='word_1_252' title='bbox 284 3400 509 3459; x_wconf 85' lang='lat' dir='ltr'><em>inuenissemus.</em></span> <span class='ocrx_word' id='word_1_253' title='bbox 559 3399 648 3469; x_wconf 79' lang='lat' dir='ltr'><em>Quod</em></span> <span class='ocrx_word' id='word_1_254' title='bbox 672 3398 701 3455; x_wconf 93' lang='lat' dir='ltr'><em>si</em></span> <span class='ocrx_word' id='word_1_255' title='bbox 726 3398 783 3456; x_wconf 89' lang='lat' dir='ltr'><em>boc</em></span> <span class='ocrx_word' id='word_1_256' title='bbox 803 3397 926 3472; x_wconf 88' lang='lat' dir='ltr'><em>priores</em></span> <span class='ocrx_word' id='word_1_257' title='bbox 948 3397 1074 3456; x_wconf 88' lang='lat' dir='ltr'><em>librarii</em></span> <span class='ocrx_word' id='word_1_258' title='bbox 1096 3399 1263 3457; x_wconf 90' lang='lat' dir='ltr'><em>institutum</em></span> 
     </span>
     <span class='ocr_line' id='line_1_30' title="bbox 111 3503 1262 3584; baseline -0.003 -17"><span class='ocrx_word' id='word_1_259' title='bbox 111 3508 305 3584; x_wconf 87' lang='lat' dir='ltr'><em>probassent,</em></span> <span class='ocrx_word' id='word_1_260' title='bbox 328 3523 387 3566; x_wconf 95' lang='lat' dir='ltr'><em>non</em></span> <span class='ocrx_word' id='word_1_261' title='bbox 412 3510 527 3565; x_wconf 91' lang='lat' dir='ltr'><em>tantum</em></span> <span class='ocrx_word' id='word_1_262' title='bbox 547 3503 687 3580; x_wconf 81' lang='lat' dir='ltr'><em>profecto</em></span> <span class='ocrx_word' id='word_1_263' title='bbox 710 3505 825 3578; x_wconf 81' lang='lat' dir='ltr'><em>nepotii</em></span> <span class='ocrx_word' id='word_1_264' title='bbox 846 3504 1019 3577; x_wconf 82' lang='lat' dir='ltr'><em>laborisque</em></span> <span class='ocrx_word' id='word_1_265' title='bbox 1038 3505 1169 3579; x_wconf 89' lang='lat' dir='ltr'><em>posteris</em></span> <span class='ocrx_word' id='word_1_266' title='bbox 1192 3506 1262 3563; x_wconf 91' lang='lat' dir='ltr'><em>reli-</em></span> 
     </span>
     <span class='ocr_line' id='line_1_31' title="bbox 114 3610 1263 3690; baseline -0.004 -16"><span class='ocrx_word' id='word_1_267' title='bbox 114 3618 260 3690; x_wconf 80' lang='lat' dir='ltr'><em>quissent.</em></span> <span class='ocrx_word' id='word_1_268' title='bbox 316 3613 424 3673; x_wconf 84' lang='lat' dir='ltr'><em>Sicubi</em></span> <span class='ocrx_word' id='word_1_269' title='bbox 454 3629 528 3686; x_wconf 84' lang='lat' dir='ltr'><em>erqo</em></span> <span class='ocrx_word' id='word_1_270' title='bbox 559 3616 695 3671; x_wconf 92' lang='lat' dir='ltr'><em>nostrum</em></span> <span class='ocrx_word' id='word_1_271' title='bbox 728 3610 921 3670; x_wconf 89' lang='lat' dir='ltr'><em>adbibuimus</em></span> <span class='ocrx_word' id='word_1_272' title='bbox 953 3612 1113 3683; x_wconf 91' lang='lat' dir='ltr'><em>iudicium,</em></span> <span class='ocrx_word' id='word_1_273' title='bbox 1148 3611 1263 3669; x_wconf 88' lang='lat' dir='ltr'><em>relictis</em></span> 
     </span>
     <span class='ocr_line' id='line_1_32' title="bbox 114 3716 1329 3799; baseline -0.005 -18"><span class='ocrx_word' id='word_1_274' title='bbox 114 3729 218 3781; x_wconf 87' lang='lat' dir='ltr'><em>tamen</em></span> <span class='ocrx_word' id='word_1_275' title='bbox 242 3723 388 3795; x_wconf 87' lang='lat' dir='ltr'><em>antiquae</em></span> <span class='ocrx_word' id='word_1_276' title='bbox 406 3721 544 3780; x_wconf 87' lang='lat' dir='ltr'><em>lectionis</em></span> <span class='ocrx_word' id='word_1_277' title='bbox 562 3719 695 3792; x_wconf 83' lang='lat' dir='ltr'><em>uestiqiis</em></span> <span class='ocrx_word' id='word_1_278' title='bbox 713 3717 865 3790; x_wconf 89' lang='lat' dir='ltr'><em>aliquibus</em></span> <span class='ocrx_word' id='word_1_279' title='bbox 879 3735 887 3775; x_wconf 90' lang='lat'>:</span> <span class='ocrx_word' id='word_1_280' title='bbox 901 3734 988 3777; x_wconf 92' lang='lat' dir='ltr'><em>suum</em></span> <span class='ocrx_word' id='word_1_281' title='bbox 1007 3719 1116 3791; x_wconf 92' lang='lat' dir='ltr'><em>cuique</em></span> <span class='ocrx_word' id='word_1_282' title='bbox 1134 3716 1262 3776; x_wconf 91' lang='lat' dir='ltr'><em>liberum</em></span> <span class='ocrx_word' id='word_1_283' title='bbox 1327 3795 1329 3799; x_wconf 11' lang='lat' dir='ltr'>y</span> 
     </span>
     <span class='ocr_line' id='line_1_33' title="bbox 117 3824 1262 3903; baseline -0.003 -17"><span class='ocrx_word' id='word_1_284' title='bbox 117 3830 315 3903; x_wconf 87' lang='lat' dir='ltr'><em>reliquimus.</em></span> <span class='ocrx_word' id='word_1_285' title='bbox 337 3828 410 3887; x_wconf 88' lang='lat' dir='ltr'><em>Vale</em></span> <span class='ocrx_word' id='word_1_286' title='bbox 437 3829 532 3887; x_wconf 90' lang='lat' dir='ltr'><em>lector</em></span> <span class='ocrx_word' id='word_1_287' title='bbox 546 3846 553 3886; x_wconf 92' lang='lat'>:</span> <span class='ocrx_word' id='word_1_288' title='bbox 568 3832 597 3886; x_wconf 90' lang='lat' dir='ltr'><em>et</em></span> <span class='ocrx_word' id='word_1_289' title='bbox 624 3841 722 3885; x_wconf 91' lang='lat' dir='ltr'><em>mcum</em></span> <span class='ocrx_word' id='word_1_290' title='bbox 749 3826 831 3883; x_wconf 89' lang='lat' dir='ltr'><em>bunc</em></span> <span class='ocrx_word' id='word_1_291' title='bbox 859 3825 993 3884; x_wconf 88' lang='lat' dir='ltr'><em>laborem</em></span> <span class='ocrx_word' id='word_1_292' title='bbox 1023 3824 1103 3884; x_wconf 89' lang='lat' dir='ltr'><em>Boni</em></span> <span class='ocrx_word' id='word_1_293' title='bbox 1128 3824 1262 3884; x_wconf 78' lang='lat' dir='ltr'><em>Consule.</em></span> 
     </span>
     <span class='ocr_line' id='line_1_34' title="bbox 115 3930 1263 4009; baseline -0.007 -13"><span class='ocrx_word' id='word_1_294' title='bbox 115 3936 337 3996; x_wconf 77' lang='lat' dir='ltr'><em>blarentiaeIn</em></span> <span class='ocrx_word' id='word_1_295' title='bbox 347 3935 511 3995; x_wconf 88' lang='lat' dir='ltr'><em>diuiPauli</em></span> <span class='ocrx_word' id='word_1_296' title='bbox 520 3935 583 4009; x_wconf 93' lang='lat' dir='ltr'><em>ipso</em></span> <span class='ocrx_word' id='word_1_297' title='bbox 596 3934 867 3992; x_wconf 77' lang='lat' dir='ltr'><em>bacchanaliorum</em></span> <span class='ocrx_word' id='word_1_298' title='bbox 873 3930 1263 3991; x_wconf 75' lang='lat' dir='ltr'><em>mencoocnfflrr:</em></span> 
     </span>
     <span class='ocr_line' id='line_1_35' title="bbox 115 4036 1260 4117; baseline -0.005 -17"><span class='ocrx_word' id='word_1_299' title='bbox 115 4041 207 4100; x_wconf 81' lang='lat' dir='ltr'><em>Anno</em></span> <span class='ocrx_word' id='word_1_300' title='bbox 238 4041 342 4102; x_wconf 78' lang='lat' dir='ltr'><em>Altero</em></span> <span class='ocrx_word' id='word_1_301' title='bbox 373 4043 493 4102; x_wconf 89' lang='lat' dir='ltr'><em>scilicet</em></span> <span class='ocrx_word' id='word_1_302' title='bbox 524 4045 648 4099; x_wconf 89' lang='lat' dir='ltr'><em>nostrae</em></span> <span class='ocrx_word' id='word_1_303' title='bbox 676 4038 819 4117; x_wconf 91' lang='lat' dir='ltr'><em>publicae</em></span> <span class='ocrx_word' id='word_1_304' title='bbox 849 4036 1070 4112; x_wconf 91' lang='lat' dir='ltr'><em>professionis:</em></span> <span class='ocrx_word' id='word_1_305' title='bbox 1085 4051 1153 4093; x_wconf 92' lang='lat' dir='ltr'><em>cum</em></span> <span class='ocrx_word' id='word_1_306' title='bbox 1191 4036 1260 4095; x_wconf 89' lang='lat' dir='ltr'><em>Oui-</em></span> 
     </span>
     <span class='ocr_line' id='line_1_36' title="bbox 116 4141 1260 4227; baseline -0.007 -20"><span class='ocrx_word' id='word_1_307' title='bbox 116 4150 227 4207; x_wconf 86' lang='lat' dir='ltr'><em>diauos</em></span> <span class='ocrx_word' id='word_1_308' title='bbox 242 4145 348 4227; x_wconf 76' lang='lat' dir='ltr'><em>fastos,</em></span> <span class='ocrx_word' id='word_1_309' title='bbox 371 4154 402 4208; x_wconf 91' lang='lat' dir='ltr'><em>ct</em></span> <span class='ocrx_word' id='word_1_310' title='bbox 422 4148 577 4207; x_wconf 77' lang='lat' dir='ltr'><em>Ciceronis</em></span> <span class='ocrx_word' id='word_1_311' title='bbox 596 4146 645 4204; x_wconf 76' lang='lat' dir='ltr'><em>dd</em></span> <span class='ocrx_word' id='word_1_312' title='bbox 662 4146 840 4204; x_wconf 88' lang='lat' dir='ltr'><em>berennium</em></span> <span class='ocrx_word' id='word_1_313' title='bbox 859 4143 1039 4202; x_wconf 85' lang='lat' dir='ltr'><em>Rbetoricos</em></span> <span class='ocrx_word' id='word_1_314' title='bbox 1058 4141 1152 4201; x_wconf 93' lang='lat' dir='ltr'><em>libros</em></span> <span class='ocrx_word' id='word_1_315' title='bbox 1171 4158 1260 4200; x_wconf 90' lang='lat' dir='ltr'><em>enar·</em></span> 
     </span>
     <span class='ocr_line' id='line_1_37' title="bbox 113 4249 1264 4328; baseline -0.006 -14"><span class='ocrx_word' id='word_1_316' title='bbox 113 4254 264 4314; x_wconf 85' lang='lat' dir='ltr'><em>rubemus</em></span> <span class='ocrx_word' id='word_1_317' title='bbox 278 4273 286 4314; x_wconf 72' lang='grc' dir='ltr'><em>τ</em></span> <span class='ocrx_word' id='word_1_318' title='bbox 300 4271 340 4314; x_wconf 88' lang='grc'><em>00</em></span> <span class='ocrx_word' id='word_1_319' title='bbox 373 4271 489 4328; x_wconf 80' lang='lat' dir='ltr'><em>praece</em></span> <span class='ocrx_word' id='word_1_320' title='bbox 520 4255 644 4326; x_wconf 83' lang='lat' dir='ltr'><em>linquae</em></span> <span class='ocrx_word' id='word_1_321' title='bbox 678 4253 850 4311; x_wconf 87' lang='lat' dir='ltr'><em>rudimenta</em></span> <span class='ocrx_word' id='word_1_322' title='bbox 882 4250 1079 4309; x_wconf 72' lang='grc' dir='ltr'><strong>110νο011000</strong></span> <span class='ocrx_word' id='word_1_323' title='bbox 1111 4249 1264 4308; x_wconf 89' lang='lat' dir='ltr'><em>iuuentuti</em></span> 
     </span>
     <span class='ocr_line' id='line_1_38' title="bbox 116 4351 1261 4439; baseline -0.006 -18"><span class='ocrx_word' id='word_1_324' title='bbox 116 4362 318 4422; x_wconf 87' lang='lat' dir='ltr'><em>dictabamus.</em></span> <span class='ocrx_word' id='word_1_325' title='bbox 367 4368 521 4439; x_wconf 86' lang='lat' dir='ltr'><em>praeterea</em></span> <span class='ocrx_word' id='word_1_326' title='bbox 554 4357 609 4418; x_wconf 92' lang='lat' dir='ltr'><em>sub</em></span> <span class='ocrx_word' id='word_1_327' title='bbox 642 4359 730 4417; x_wconf 86' lang='lat' dir='ltr'><em>finem</em></span> <span class='ocrx_word' id='word_1_328' title='bbox 763 4358 843 4416; x_wconf 91' lang='lat' dir='ltr'><em>tertii</em></span> <span class='ocrx_word' id='word_1_329' title='bbox 870 4354 940 4415; x_wconf 91' lang='lat' dir='ltr'><em>libri</em></span> <span class='ocrx_word' id='word_1_330' title='bbox 968 4352 1068 4434; x_wconf 79' lang='grc'><strong>017,</strong></span> <span class='ocrx_word' id='word_1_331' title='bbox 1091 4351 1113 4414; x_wconf 88' lang='grc'>4</span> <span class='ocrx_word' id='word_1_332' title='bbox 1140 4361 1208 4432; x_wconf 85' lang='grc'><strong>0001</strong></span> <span class='ocrx_word' id='word_1_333' title='bbox 1235 4373 1261 4414; x_wconf 86' lang='lat' dir='ltr'><em>v.</em></span> 
     </span>
     <span class='ocr_line' id='line_1_39' title="bbox 120 4459 1261 4542; baseline -0.006 -16"><span class='ocrx_word' id='word_1_334' title='bbox 120 4469 288 4529; x_wconf 86' lang='lat' dir='ltr'><em>tubicinum</em></span> <span class='ocrx_word' id='word_1_335' title='bbox 312 4483 462 4541; x_wconf 81' lang='lat' dir='ltr'><em>praecum</em></span> <span class='ocrx_word' id='word_1_336' title='bbox 489 4465 525 4526; x_wconf 90' lang='lat' dir='ltr'><em>de</em></span> <span class='ocrx_word' id='word_1_337' title='bbox 554 4463 672 4525; x_wconf 86' lang='lat' dir='ltr'><em>deiectu</em></span> <span class='ocrx_word' id='word_1_338' title='bbox 701 4463 824 4542; x_wconf 90' lang='lat' dir='ltr'><em>codicis,</em></span> <span class='ocrx_word' id='word_1_339' title='bbox 852 4480 910 4542; x_wconf 88' lang='lat' dir='ltr'><em>quo</em></span> <span class='ocrx_word' id='word_1_340' title='bbox 940 4469 1072 4522; x_wconf 83' lang='lat' dir='ltr'><em>extrema</em></span> <span class='ocrx_word' id='word_1_341' title='bbox 1098 4459 1168 4520; x_wconf 87' lang='lat' dir='ltr'><em>libri</em></span> <span class='ocrx_word' id='word_1_342' title='bbox 1191 4478 1261 4538; x_wconf 88' lang='lat' dir='ltr'><em>pars</em></span> 
     </span>
    </p>
   </div>
   <div class='ocr_carea' id='block_1_5' title="bbox 0 0 1504 5026">
    <p class='ocr_par' dir='ltr' id='par_1_6' title="bbox 0 0 1504 5026">
     <span class='ocr_line' id='line_1_40' title="bbox 0 0 1504 5026; baseline 0 4"><span class='ocrx_word' id='word_1_343' title='bbox 0 0 1504 5026; x_wconf 95' lang='lat' dir='ltr'><em> </em></span> 
     </span>
    </p>
   </div>
  </div>
 </body>
</html>
