3000 5026
496 336 627 392 RERVM
645 335 882 392 avaricaavu
902 337 968 395 nin.
986 335 1012 389 ΙΙ
1033 332 1049 386 1
1284 335 1348 400 209

205 510 310 564 natura
341 504 465 564 discreti
496 503 587 564 boves
619 505 696 564 asini
727 505 805 582 equi.
856 505 945 563 tertia
977 520 1046 581 pars
1079 509 1125 562 est
1152 503 1183 562 in
1210 504 1349 582 pecuaria

206 629 279 689 quae
308 628 368 671 non
392 612 547 690 parantur,
574 617 608 670 nt
631 629 667 670 ox
690 612 727 670 iis
751 611 884 688 capiatur
907 610 1036 691 fructus,
1063 609 1116 670 sed
1139 616 1263 688 propter
1286 626 1348 670 eam

141 747 145 755 ·
207 725 256 777 aut
279 736 315 778 ex
339 735 373 777 ea
397 726 475 797 sont,
498 717 572 778 muli
595 735 683 777 canes
706 724 848 795 pastores.
894 716 1000 776 barum
1023 733 1082 776 nna
1105 733 1239 794 quaeque
1262 717 1293 775 in
1317 733 1349 776 se

207 823 353 902 generalis
391 825 485 902 partis
521 823 611 884 babet
647 825 803 883 minimum
835 841 978 902 novenas,
1021 841 1146 902 quarum
1178 825 1208 883 in
1242 840 1350 901 pecore

184 931 336 1008 sparando
359 931 544 991 necessariae
569 938 718 1011 quattuor,
742 929 852 990 alterae
874 932 906 989 in
929 929 1078 1009 pascendo
1102 929 1240 1007 totidem3
1267 947 1351 1008 prae·

205 1045 288 1098 terea
319 1039 484 1098 communis
518 1055 584 1098 una.
629 1040 670 1097 ita
698 1037 774 1097 liunt
802 1039 934 1097 omnium
962 1045 1061 1115 partes
1089 1039 1244 1098 minimum
1271 1044 1350 1097 octo·
1431 1030 1436 1036 ’

199 1142 285 1222 'ginta
318 1153 349 1231 et
380 1163 451 1225 una,
484 1152 514 1205 et
546 1144 665 1222 quidem
697 1147 881 1205 necessariae
910 1163 965 1205 nec
992 1162 1108 1223 parvae.
1157 1147 1286 1223 primum
1314 1147 1398 1204 ut13

198 1251 316 1312 bonum
349 1269 437 1329 pares
464 1269 570 1331 pecus,
603 1269 695 1312 unum
725 1253 802 1312 scire
831 1258 961 1335 oportet,
995 1270 1053 1330 qna
1080 1260 1175 1312 aetate
1203 1269 1351 1330 quamque

190 1359 351 1439 pecudem
384 1376 488 1437 parare
521 1357 690 1437 habereque
722 1360 866 1437 expediat.
917 1361 1016 1438 itaque
1045 1361 1076 1418 in
1104 1357 1216 1418 bubulo
1244 1375 1351 1437 pecore

120 1483 168 1526 ιο
187 1467 331 1528 minoris
355 1467 452 1525 emitis
475 1464 642 1525 anniculam
666 1474 696 1526 et
719 1484 809 1544 supra
832 1466 936 1526 decem
959 1483 1112 1545 annorum,
1137 1464 1215 1543 quod
1239 1483 1255 1523 a
1274 1464 1352 1524 bima

181 1579 256 1635 aut
293 1573 382 1632 trima
414 1572 545 1631 fructum
579 1572 657 1632 serre
689 1574 795 1651 incipit
826 1590 923 1651 neque
955 1571 1072 1650 longius
1104 1579 1172 1650 post
1204 1572 1353 1632 decimum

175 1695 316 1744 annum
348 1678 491 1758 procedit.
541 1696 607 1738 nam
641 1681 736 1758 prima
768 1686 848 1740 aetas
880 1682 976 1739 omnis
1008 1680 1126 1757 pecoris
1159 1686 1189 1738 et
1217 1684 1347 1739 extrema
1361 1681 1401 1739 14

170 1785 326 1853 sterilis.
373 1803 389 1844 e
414 1792 554 1863 quattuor
577 1785 668 1846 altera
691 1805 760 1864 pars
784 1794 830 1846 est
853 1787 983 1864 cognitio
1007 1786 1118 1845 formae
1142 1787 1232 1846 unius
1255 1787 1353 1845 cnius-

165 1908 265 1978 que
287 1892 426 1973 pecudis,
454 1891 550 1971 qualis
574 1895 621 1953 sit.
667 1897 764 1972 magni
789 1895 867 1953 enim
891 1895 1029 1973 interest,
1053 1894 1138 1952 cuins
1162 1892 1243 1953 modi
1266 1910 1353 1971 quae-

114 2027 131 2068 5
162 2015 266 2084 qma
284 2001 332 2079 sit,
351 1999 387 2058 ad
408 1999 547 2059 fructum.
584 2001 623 2059 ita
642 2002 743 2077 potius
762 2000 867 2059 bovem
887 2007 990 2060 emunt
1009 1999 1151 2059 cornibus
1165 1999 1353 2078 nigrantibus

162 2121 294 2191 quam
318 2106 403 2185 albis,
426 2124 545 2185 capram
569 2106 694 2185 amplam
718 2125 806 2186 quam
830 2125 958 2188 parvam,
982 2125 1051 2167 sues
1075 2124 1200 2184 procero
1220 2121 1354 2186 corpore,

160 2213 355 2287 capitibus
384 2220 418 2273 ut
444 2215 504 2273 sint
526 2215 635 2291 parvis.
680 2215 767 2273 tertia
791 2230 861 2290 pars
884 2221 942 2290 est,
972 2232 1031 2292 quo
1056 2215 1095 2273 sit
1118 2214 1242 2273 seminio
1266 2229 1354 2290 quae-

159 2319 342 2384 rendum.
389 2319 446 2380 hoc
469 2322 588 2379 nomine
612 2321 691 2380 enim
715 2321 791 2380 asini
814 2320 920 2380 Arcadi
944 2322 975 2380 in
999 2319 1121 2381 Graecia
1144 2319 1300 2397 nobilitati,
1322 2320 1354 2377 in

276 2479 312 2562 18
332 2472 406 2528 asini
424 2471 526 2527 Arcadi
547 2474 623 2529 Plio.
643 2479 670 2542 8,
689 2477 742 2530 167

274 2622 294 2671 1
323 2617 426 2671 natura
452 2613 567 2670 discreti
589 2615 679 2670 PAB
707 2617 807 2671 catina
835 2616 955 2672 discrete
977 2617 1050 2672 Alm
1072 2619 1174 2672 natura
1197 2615 1355 2670 discretae

268 2704 368 2759 bercia
392 2704 420 2758 A
491 2711 507 2758 2
531 2706 667 2774 parantur
689 2705 717 2758 A
740 2706 855 2774 paratur
881 2704 937 2759 VB
1009 2713 1024 2760 3
1048 2722 1082 2760 ex
1105 2723 1139 2760 ea
1162 2703 1218 2758 sint
1240 2704 1310 2758 muli
1328 2702 1356 2756 Β

158 2783 352 2849 Victorius
379 2808 432 2847 exa
459 2794 515 2847 sint
543 2792 611 2846 muli
633 2793 662 2845 A
689 2810 723 2847 ex
751 2810 784 2848 ea
811 2793 867 2847 sint
892 2794 965 2847 sicut
988 2794 1057 2847 muli
1086 2794 1113 2848 V
1133 2811 1166 2848 ex
1190 2810 1224 2847 ea
1246 2792 1302 2848 sint
1324 2794 1357 2845 ut

150 2877 265 2932 muli
295 2901 323 2938 m
395 2882 495 2936 harum
513 2882 658 2936 Iucundos
680 2881 779 2934 horum
803 2881 891 2934 VAB
963 2887 981 2934 4
1004 2881 1142 2952 generalis
1165 2882 1253 2952 partis
1271 2880 1357 2934 habet

150 2955 324 3026 hominu
352 2987 475 3026 nouenos
496 2969 555 3024 AB
582 2969 720 3039 generalis
746 2969 834 3039 partis
857 2969 1002 3023 hominum
1025 2984 1150 3024 nouenas
1169 2970 1197 3021 P
1216 2968 1355 3037 generalis

152 3055 304 3115 partes
334 3059 457 3116 omnium
486 3073 646 3114 nouenaso
735 3074 852 3129 peccora
875 3057 903 3111 A
993 3067 1008 3114 6
1038 3058 1192 3112 communis
1214 3073 1271 3111 una
1299 3056 1355 3110 VB

157 3144 353 3204 00mmuni
375 3151 441 3203 sunt
463 3149 491 3203 A
515 3148 669 3203 communis
695 3149 761 3202 sont
783 3149 816 3202 ut
833 3165 860 3202 m
931 3149 1001 3202 fiant
1017 3149 1045 3203 A
1064 3164 1132 3204 corr.
1156 3147 1226 3201 fiunt
1244 3145 1285 3199 A2

159 3234 334 3293 Omnium
358 3240 452 3308 partes
476 3237 566 3293 VAB
590 3254 685 3292 omnes
708 3238 803 3306 partes
825 3255 852 3292 m
870 3226 1018 3292 Iucundiu
1115 3243 1131 3292 8
1154 3253 1240 3290 unum
1263 3235 1357 3291 deiecit

166 3306 333 3382 Ursinus
361 3330 365 3337 '
423 3332 439 3380 9
471 3327 629 3395 habereque
646 3328 650 3394 l
666 3324 764 3395 pediat
791 3327 819 3381 A
910 3326 1019 3395 ‘Itaque
1053 3326 1159 3398 [itaque
1190 3324 1220 3379 in
1251 3325 1357 3380 bubulo

168 3413 311 3471 pecore
334 3418 367 3470 io
385 3416 503 3471 editione
525 3415 675 3487 Victorius]
696 3415 811 3469 minoris
829 3415 922 3470 emitis
940 3415 1107 3471 anniculam.
1146 3414 1234 3484 Quom
1251 3419 1357 3469 secutus

173 3499 257 3584 {um
293 3506 447 3571 lectionem,
471 3510 496 3559 ei
518 3506 612 3560 coensi
629 3505 757 3559 nonnulii
775 3505 923 3572 habebant,
946 3510 970 3559 et
988 3522 1073 3560 mono
1091 3504 1189 3573 scripti
1206 3519 1302 3558 omnes.
1323 3534 1356 3542 -

178 3589 218 3629 ”l
244 3594 444 3650 uetustissimo
462 3594 636 3649 boccacium
655 3595 794 3649 diuersum
812 3599 880 3661 erat,
901 3593 973 3663 quod
991 3593 1109 3664 Emptis,
1125 3609 1179 3662 pro
1197 3593 1309 3658 Emitis,
1326 3593 1358 3646 in

183 3677 219 3717 ²⁰
238 3684 388 3754 scriptam
401 3680 450 3737 esi’
470 3681 624 3738 Victorius,
634 3683 749 3750 forfasse
763 3681 878 3737 minoris
893 3683 995 3738 emitur
1009 3682 1139 3738 annicula
1204 3674 1358 3753 peccoreA

280 3775 317 3826 10
338 3770 432 3826 emitis
446 3771 630 3825 anniculamo
645 3770 746 3840 emptis
761 3773 867 3840 (eptam
882 3789 951 3828 corr.
966 3772 1038 3842 epbis
1047 3771 1086 3839 A)
1101 3769 1259 3826 anniculam
1270 3770 1358 3824 PAB

282 3863 318 3914 12
338 3860 447 3929 pecoris
466 3861 495 3914 et
514 3862 638 3914 extremo
656 3860 712 3914 VB
726 3859 835 3929 pecoris
851 3862 928 3915 extat
941 3863 978 3928 A,
998 3860 1044 3915 sed
1057 3863 1102 3915 tat
1114 3861 1147 3915 iu
1158 3877 1260 3915 rasura
1272 3859 1314 3915 Al
1327 3864 1359 3914 oi

196 3932 329 4016 videtur,
347 3948 469 4018 pectoris
489 3949 532 4002 est
544 3964 571 4001 m
627 3953 659 4001 13
679 3947 781 4002 sterilis
795 3948 844 4002 Bo
863 3949 972 4004 sterelis
986 3949 1041 4003 ΡΑ
1098 3955 1131 4002 14
1150 3949 1229 4003 cuius
1249 3963 1358 4016 queque

199 4030 287 4087 mOdi
307 4054 426 4108 queque,
444 4037 490 4090 sed
508 4051 617 4104 queque
631 4037 726 4105 priore
745 4039 801 4092 loeo
815 4038 928 4092 deletum
942 4038 968 4090 A
1005 4042 1049 4107 215
1069 4036 1111 4090 ita
1124 4035 1217 4104 potius
1231 4035 1291 4089 AB
1304 4036 1358 4089 ita·

203 4119 265 4173 ‘1¹¹0
284 4126 382 4193 pot-ius
407 4126 433 4180 V
504 4130 536 4179 li
555 4123 643 4179 tercia
660 4125 689 4178 A
743 4127 1012 4196 estsuperscriptom
1030 4123 1102 4179 ioA
1157 4123 1357 4194 quaerendum]

204 4205 369 4269 Parendum
393 4214 510 4268 Ursinus
565 4219 598 4267 18
617 4214 712 4268 arcadi
729 4215 790 4267 AB
808 4214 923 4270 archadi
944 4215 971 4267 P
988 4213 1128 4268 archadici
1146 4231 1170 4268 o.
1208 4213 1257 4267 ‘In
1274 4229 1359 4268 manu

114 4314 126 4377 Ι·
205 4291 326 4363 ”statis
353 4304 471 4358 Arcadi:
499 4303 631 4371 Arcadii,
660 4320 693 4358 eac
716 4305 833 4374 antiquo
855 4304 994 4372 scripturo
1018 4304 1070 4372 lapi
1089 4308 1192 4372 poscet,
1220 4308 1360 4371 utsupra

114 4384 117 4393 ’
207 4364 406 4469 &ababa
421 4391 560 4457 renarra,
579 4390 683 4460 sicera,
694 4409 749 4461 pro
763 4392 964 4448 siccationem
977 4394 1026 4448 ooo
1040 4393 1122 4448 atam
1135 4397 1236 4448 caeses
1249 4392 1361 4448 aceram

206 4451 252 4514 ’Μ
272 4480 434 4536 cacabarii
461 4479 599 4535 Victorius

1093 4569 1148 4623 14*
