3000 5026
128 234 190 298 136
618 233 804 289 VARRONIS

100 402 197 462 baltis
227 410 337 462 contra.
384 411 506 481 propter
534 402 606 462 baec
636 404 691 461 tria
715 402 829 479 lastigie
854 401 963 461 lormae
987 400 1159 462 discrimina
1184 420 1271 481 quae

126 509 193 568 dam
231 510 307 569 tirrnt
326 513 499 590 'sationuuq
533 509 610 588 quod
644 518 761 587 segetes
794 508 931 568 meliores
964 509 1173 568 existimantur
1204 526 1271 569 csse

127 624 321 696 campestres,
347 618 446 676 vineae
471 616 608 697 collinae,
636 616 725 676 silvae
749 623 919 676 montanae:
947 614 1121 696 plerumque
1146 615 1272 676 hiberna

127 725 164 782 iis
196 741 261 782 esse
299 723 434 802 meliora,
467 724 518 801 qui
551 722 652 782 colunt
685 724 875 802 campestria,
908 721 987 800 quod
1017 731 1087 783 tunc
1116 731 1202 800 prata
1230 721 1273 782 ibi

126 829 265 910 herbosa,
298 831 412 908 putatio
445 829 585 890 arborum
619 828 808 888 tolerabilior.
853 837 956 890 contra
984 831 1093 889 aestiva
1120 830 1272 889 montanis
1301 844 1315 883 a

126 936 200 996 locis
229 936 441 1016 commodiora,
471 936 549 1015 quod
578 936 620 996 ibi
648 945 711 996 tum
739 943 769 995 et
797 934 937 1015 pabulum
965 935 1104 1016 multum,
1131 934 1212 1014 quod
1242 936 1272 995 in

126 1047 237 1122 campis
266 1051 338 1122 aret,
367 1063 400 1103 ac
425 1042 540 1104 cultura
564 1042 703 1103 arborum
728 1045 832 1123 aptior,
861 1043 939 1122 quod
968 1051 1030 1103 tum
1059 1042 1107 1103 hic
1135 1042 1275 1121 frigidior

100 1155 188 1212 6aer.
234 1160 400 1228 campester
427 1150 509 1210 locus
538 1153 563 1210 is
587 1150 704 1230 melior,
733 1153 784 1228 qui
808 1158 888 1210 totus
911 1149 1105 1229 aequabiliter
1127 1151 1159 1209 in
1181 1167 1275 1210 unam

125 1264 241 1336 partem
266 1266 375 1337 verget,
398 1275 486 1335 quam
510 1259 536 1316 is
560 1259 611 1335 qui
635 1257 734 1317 estad
755 1256 881 1317 libellam
902 1275 1021 1337 aequos,
1046 1255 1124 1335 quod
1144 1257 1178 1336 is,
1203 1274 1275 1316 cum

126 1382 218 1442 aquae
249 1382 307 1424 uon
337 1363 425 1423 babet
449 1362 615 1442 delapsum,
643 1363 708 1424 lieri
731 1363 806 1424 solet
830 1364 1008 1441 uliginosus:
1037 1380 1073 1423 eo
1096 1362 1204 1442 magis,
1236 1363 1318 1422 si-1o

126 1472 193 1548 quis
212 1478 258 1530 est
277 1470 481 1551 inaequabilis,
500 1489 535 1530 eo
555 1470 693 1551 deterior,
714 1471 792 1549 quod
812 1470 844 1531 lit
859 1477 982 1548 propter
996 1469 1117 1530 lacunas
1131 1485 1275 1548 aquosus.

126 1576 199 1636 baec
228 1586 316 1656 atque
344 1578 469 1638 huiusce
499 1576 578 1637 modi
602 1580 657 1637 tria
682 1578 797 1657 fastigia
821 1579 883 1656 agri
907 1576 943 1636 ad
967 1576 1124 1637 colendum
1147 1575 1275 1656 dispari-

125 1682 194 1743 liter
217 1683 326 1745 babeut
349 1692 541 1745 momentum.

66 1789 115 1850 Vll
217 1789 307 1868 Stolo,
332 1790 416 1861 Quod
441 1791 477 1851 ad
501 1791 577 1851 banc
601 1791 724 1851 sormam
748 1791 912 1852 naturalem
931 1792 1070 1871 pertinet,
1093 1788 1130 1850 de
1153 1808 1189 1850 eo
1214 1808 1275 1851 nou
1383 1821 1384 1827 1

126 1898 311 1957 incommode
335 1898 406 1958 Cato
431 1897 548 1958 videtur
566 1897 675 1978 dicere,
699 1917 767 1959 cum
787 1898 891 1958 scribit
909 1901 1053 1977 optimum
1072 1915 1178 1975 agrum
1196 1910 1314 1977 csse,1⁵

126 2005 178 2082 qui
205 2003 262 2064 sub
291 2005 389 2064 radice
418 2007 528 2065 montis
556 2007 631 2066 situs
659 2007 698 2065 sit
726 2015 756 2064 et
784 2013 899 2083 spectet
921 2005 956 2064 ad
980 2003 1175 2091 meridianam
1200 2002 1277 2063 caeli

99 2115 253 2188 2partem.
301 2110 416 2171 Subicit
436 2111 547 2191 Serota,
571 2110 611 2170 De
636 2112 746 2172 formae
766 2112 882 2172 cultura
901 2112 957 2172 hoc
977 2098 1063 2192 dicos
1077 2128 1153 2189 quae
1173 2112 1275 2189 specie

125 2215 196 2275 liant
229 2218 411 2298 venustiora,
445 2219 530 2296 sequi
563 2227 596 2276 ut
628 2220 739 2278 maiore
772 2237 889 2298 quoque
924 2219 1024 2278 tructu
1052 2218 1126 2297 sint,
1159 2223 1194 2277 ut
1221 2219 1276 2295 qui

124 2321 235 2382 babent
254 2321 383 2405 arbusta,
407 2325 433 2384 si
452 2334 513 2385 sata
532 2331 603 2384 sunt
622 2326 652 2383 in
673 2327 880 2406 quincuncem,
899 2333 1022 2405 propter
1042 2323 1163 2384 ordines
1183 2333 1273 2402 atque

125 2428 277 2489 intervalla
305 2430 427 2491 modica.
474 2434 573 2509 itaque
601 2432 729 2492 maiores
757 2435 853 2521 nostri
881 2452 918 2493 ex
947 2451 1016 2492 arvo
1045 2448 1138 2510 aeque
1163 2443 1311 2506 magnoni

124 2533 199 2594 male
224 2537 338 2596 consito
363 2545 393 2597 et
417 2539 515 2598 minus
538 2536 663 2598 multum
688 2547 718 2599 et
741 2541 839 2600 miuus
863 2539 974 2600 bonum
998 2536 1145 2599 faciebant
1169 2538 1272 2597 vinum

125 2677 336 2685 —-—-——--

197 2747 230 2796 11
250 2741 319 2798 (lato
338 2742 449 2800 videtur
467 2743 558 2800 dicere
578 2745 637 2801 Oct.
656 2747 690 2802 de
708 2747 771 2818 1911
788 2748 852 2802 cult
873 2751 902 2814 1,
921 2751 939 2801 3

123 2871 336 2882 ——--.—.

194 2945 210 2993 3
244 2940 335 2996 coline
363 2939 391 2994 A
423 2957 491 2996 corr.
524 2941 626 2997 colline
649 2941 691 2996 A²
749 2949 752 2954 '
779 2943 934 3012 plerunque
963 2940 1020 2997 VB
1109 2940 1272 2997 hibernalea

124 3044 184 3082 esse
203 3028 260 3084 ΡΒ
288 3029 404 3085 hiberno
430 3030 475 3084 his
499 3047 559 3086 esse
583 3031 622 3098 A,
650 3033 697 3085 sed
724 3030 768 3086 his
794 3034 825 3085 111
848 3048 950 3086 rasura
971 3031 1009 3084 A'
1032 3030 1192 3100 hibernaleu
1205 3030 1271 3091 ¹biis

98 3132 183 3185 ‘esse
214 3135 240 3171 m
272 3117 390 3173 hiberna
423 3136 483 3174 esse
519 3119 560 3173 ibi
591 3120 767 3185 1111111111
798 3120 982 3175 hiberno-L
1003 3118 1070 3173 -eis
1102 3136 1163 3175 ease
1255 3127 1272 3175 4

122 3205 205 3272 patra
227 3205 266 3259 ibi
294 3206 441 3274 herbosam
465 3207 492 3260 A
564 3211 580 3259 5
608 3207 747 3260 montonis
774 3206 842 3261 locis
864 3225 891 3260 m
915 3208 1126 3275 110111111111
1148 3208 1220 3264 locis
1243 3210 1270 3263 A

122 3295 309 3362 montanoque
333 3295 367 3348 iis
390 3295 460 3348 locis
481 3295 508 3346 P
525 3296 658 3349 montona
675 3293 709 3348 iis
728 3293 797 3349 locis
815 3295 843 3348 Β
862 3297 996 3348 montana
1014 3295 1057 3349 his
1076 3294 1145 3350 locis
1165 3313 1181 3350 v
1254 3302 1269 3352 'l

123 3416 156 3453 oc
176 3399 285 3455 cultura
306 3400 359 3455 Vm
379 3377 507 3455 Acnlturo
520 3401 590 3469 AB,
609 3403 684 3457 cede
702 3403 848 3456 recentiore
865 3419 950 3456 111111
968 3403 1183 3472 superscriptum
1197 3404 1230 3458 in
1242 3404 1268 3458 A

123 3489 153 3542 et
166 3490 276 3542 cultura
289 3489 435 3544 Iucundos
506 3494 522 3542 8
541 3490 693 3557 qnnbiliter
707 3490 735 3545 A
749 3507 817 3546 cerr.
834 3489 999 3560 equabiliier
1014 3491 1055 3544 A²
1127 3496 1144 3545 9
1164 3509 1268 3560 aequor

125 3615 183 3668 PB
202 3591 289 3682 equis
303 3614 332 3668 A
345 3631 450 3683 aequus
464 3632 480 3669 a
536 3620 577 3674 11,
588 3617 663 3685 quod
682 3617 713 3670 fit
728 3647 760 3656 -
778 3622 809 3670 12
829 3616 885 3671 tria
897 3617 929 3671 in
942 3617 1065 3687 nrarpine
1077 3616 1184 3686 scripta
1197 3617 1230 3671 iu
1242 3615 1267 3670 A
1287 3663 1300 3671 .

196 3707 228 3755 12
257 3703 342 3771 atque
370 3704 450 3758 ABe
478 3704 568 3771 adque
596 3706 623 3758 P
700 3706 892 3761 huiuscemodi
919 3707 976 3761 PB
1010 3705 1148 3760 Victorius
1174 3704 1295 3760 huius--

122 3791 198 3845 modi
216 3793 263 3847 Ao
336 3791 505 3862 dispariliter
524 3795 572 3848 Bo
589 3792 760 3861 disperditur
778 3795 834 3848 PA
909 3800 940 3848 13
959 3795 1073 3861 fortasse
1091 3797 1235 3850 momenta

194 3887 227 3935 14
250 3881 287 3937 od
306 3882 337 3936 in
359 3883 483 3953 marpinc
505 3884 637 3952 scriptum
659 3883 691 3936 e'u
713 3885 741 3937 Β
815 3890 847 3938 16
871 3882 920 3952 qui
940 3899 990 3938 om.
1010 3884 1050 3949 A,
1073 3882 1136 3938 cdd.
1157 3882 1199 3937 A’

123 4012 155 4062 17
175 4006 289 4062 subiicit
313 4007 339 4061 V
409 4014 442 4062 18
461 4007 568 4063 meiero
589 3986 657 4063 corr.
678 4038 711 4047 -
730 4024 762 4062 re
774 4009 803 4063 A
876 4014 908 4062 19
928 4011 991 4064 1111
1008 4009 1035 4063 V
1053 3982 1111 4079 sita
1128 4008 1156 4062 Β
1180 4026 1201 4062 1.
1220 4011 1277 4062 ott

122 4113 179 4149 eree
202 4097 293 4150 littera
307 4101 371 4164 poet
390 4115 402 4149 1
421 4098 507 4151 delete
525 4097 552 4150 A
625 4095 810 4165 quincuncem
825 4098 886 4152 AB
905 4099 1070 4166 quicuncem
1087 4097 1114 4150 V
1183 4100 1255 4165 atqu·

121 4182 273 4236 interuallo
290 4199 306 4237 e
325 4188 351 4238 et
367 4187 549 4254 superscripto
567 4186 641 4238 inter
659 4186 687 4238 B
705 4187 797 4255 adque
815 4185 966 4241 interuallo
981 4187 1039 4241 ΡΑ
1111 4193 1146 4241 10
1166 4203 1264 4254 magn.

121 4270 195 4323 male
214 4269 241 4322 V
255 4287 372 4339 magnos
390 4274 463 4327 male
477 4274 538 4328 AB
557 4276 700 4346 magnoa7
719 4276 748 4343 (b
763 4304 769 4316 ·
783 4292 796 4329 e
811 4305 816 4316 ·
832 4292 934 4344 magno
954 4276 1007 4344 set)
1021 4274 1095 4331 male
1110 4275 1151 4329 A²
1166 4289 1260 4343 magn·

122 4358 170 4413 sed
188 4357 263 4414 male
282 4375 308 4414 m
327 4361 473 4416 Iracundus
