3000 5026
258 303 321 368 164
746 303 934 359 VARRONIS

256 471 425 553 descendat,
449 473 555 532 exinde
581 479 612 533 ut
636 491 703 532 vasa
727 471 836 532 olearia
860 479 932 550 quot
956 480 986 531 et
1005 478 1113 549 quanta
1132 471 1269 552 haheant,
1293 471 1400 551 quihus

257 580 418 639 conficiunt
440 579 513 639 illut.
561 578 638 658 quod
658 578 729 639 Cato
753 582 794 640 ait
817 581 931 639 circum
954 578 1079 638 fundum
1102 577 1198 638 ulmos
1218 585 1249 639 et
1267 579 1401 660 populos,

257 685 335 745 unde
359 686 421 746 iros
443 686 548 746 ovihns
572 693 602 746 et
625 685 723 747 bubus
742 688 782 746 sit
801 693 831 746 et
849 688 997 766 materies,
1021 686 1082 745 seri
1100 692 1240 764 oportere
1260 677 1328 768 (sed
1346 685 1400 747 hoc

257 812 354 871 neque
368 795 399 852 in
414 792 552 854 omnihus
567 793 666 853 lundis
682 812 757 871 opus
772 801 826 875 est,
841 795 982 872 nequem
998 792 1107 871 quihus
1120 800 1167 853 est
1180 811 1267 873 opus,
1281 799 1400 872 propter

257 899 393 959 frondem
429 893 585 983 maxime),
622 902 686 960 sine
724 900 902 961 detrimento
934 907 1086 980 ponuntur
1118 919 1135 960 a
1167 899 1403 979 septemtrionali
1435 911 1447 953 t

257 1013 355 1086 parte,
379 1007 457 1085 quod
481 1026 541 1067 non
564 1008 699 1067 officiunt
722 1007 784 1068 soli.
1270 1070 1276 1081 ,
1333 1006 1340 1019 ”

232 1116 253 1174 4
351 1113 524 1175 llle·adicit
556 1114 592 1175 ab
626 1115 729 1175 eodem
760 1115 919 1196 scriptore,
951 1115 977 1174 si
1004 1113 1088 1174 locus
1115 1121 1254 1175 umectus
1281 1115 1334 1195 sit,
1364 1113 1450 1182 tun

259 1223 411 1281 cacumina
439 1223 616 1300 populorum
646 1222 771 1282 serenda
795 1228 825 1281 et
847 1220 1086 1281 harundinetum.
1133 1220 1162 1280 id
1186 1221 1273 1298 prius
1295 1219 1460 1298 hipaliQ

259 1329 343 1408 verti,
366 1328 408 1387 ihi
431 1329 533 1390 oculos
556 1329 731 1390 harundinis
754 1328 846 1406 pedes
869 1335 972 1388 ternos
995 1327 1086 1387 alium
1105 1326 1141 1387 ah
1161 1326 1218 1387 alio
1240 1323 1311 1408 seri,
1326 1344 1344 1384 a
1358 1345 1466 1405 ap*

259 1441 319 1493 tam
343 1452 409 1493 esse
431 1437 550 1514 utrique
570 1435 693 1495 eandem
713 1435 776 1495 iere
795 1434 950 1496 culturam.
996 1434 1116 1495 salicem
1135 1452 1273 1512 graecam
1291 1435 1497 1509 circu-no

260 1541 491 1602 harundinetum
529 1543 589 1602 seri
625 1550 777 1623 oportere,
815 1545 860 1603 uti
897 1544 936 1602 sit
972 1544 1023 1620 qui
1056 1543 1136 1602 vitis.
1157 1541 1273 1620 alligari
1304 1543 1476 1621 possffir,

168 1645 246 1707 XXV
265 1650 348 1708 vinea
381 1668 440 1727 quo
473 1651 504 1708 in
536 1668 607 1729 agro
640 1649 765 1711 serenda
796 1651 847 1729 sit,
882 1651 925 1709 sic
957 1637 1183 1709 observandum.
1240 1650 1293 1727 qui
1325 1648 1477 1724 loc--fls

261 1756 389 1833 optimus
426 1757 493 1815 sino
531 1758 571 1817 sit
607 1767 636 1817 et
666 1764 802 1817 ostentus
836 1756 904 1836 soli,
942 1758 1111 1816 aminneam
1143 1755 1346 1817 minusculum
1454 1777 1475 1830 et

261 1863 411 1938 geminum
448 1881 626 1945 eugancum,
663 1863 792 1924 helvium
828 1862 1028 1924 minusculum
1061 1864 1121 1923 seri
1152 1869 1303 1941 oportere.
1357 1880 1471 1955 Qut

261 1967 344 2028 locus
369 1972 496 2029 crassior
516 1972 555 2030 sit
573 1977 623 2031 aut
642 1970 812 2051 nebulosus,
835 1970 877 2030 ibi
896 1972 1064 2031 aminneum
1085 1971 1180 2030 maius
1199 1977 1252 2030 aut
1269 1987 1493 2048 murgoeflaa

261 2076 370 2157 tinum,
395 2078 536 2158 apicium,
560 2078 698 2139 lucanum
723 2079 791 2139 seri.
837 2084 951 2137 ceteras
975 2078 1063 2156 vites,
1087 2084 1117 2137 et
1140 2077 1177 2136 de
1199 2077 1239 2137 iis
1261 2074 1458 2150 misce-135

156 2181 247 2242 xxvi
266 2184 400 2264 maxime,
423 2185 455 2243 in
477 2158 564 2246 omne
588 2203 682 2264 genus
705 2187 769 2264 agri
787 2185 954 2244 convenire.
999 2185 1031 2243 in
1050 2164 1131 2243 omni
1148 2185 1234 2244 vinea
1252 2181 1407 2262 diliger:
1417 2199 1451 2256 tar

334 2395 350 2443 2
370 2389 445 2457 quod
460 2389 530 2444 Cato
550 2389 591 2442 ait
603 2389 677 2444 Noa.
691 2407 719 2458 p.
734 2394 796 2457 114,
810 2395 828 2446 3
891 2391 983 2445 ulmos
1001 2391 1031 2446 et
1043 2391 1164 2461 populos
1180 2388 1288 2445 Charis.
1298 2407 1329 2460 p.
1343 2398 1430 2466 130,

262 2481 298 2532 33
376 2483 408 2531 12
437 2479 486 2546 qui
512 2477 591 2532 locus
621 2477 744 2548 optimus
768 2480 860 2534 Dioni.
884 2498 915 2549 p.
939 2484 1009 2548 376,
1036 2483 1055 2534 8
1133 2484 1165 2534 13
1198 2481 1327 2535 ostentus
1374 2486 1424 2540 soli

264 2565 404 2621 Priscian.
423 2567 440 2622 i.
461 2566 493 2620 X
504 2584 533 2636 p.
554 2571 620 2633 520,
638 2573 674 2624 21

336 2785 350 2832 1
375 2781 526 2835 descendat
550 2781 649 2836 exinde
671 2781 729 2836 VB
750 2781 902 2837 descendat
920 2750 1019 2837 iiinda
1038 2782 1066 2836 A
1084 2782 1236 2837 descendat
1254 2785 1284 2837 et
1299 2781 1362 2836 inde
1377 2799 1397 2835 ra

333 2922 402 2959 uasa
425 2905 532 2960 olearia
556 2905 611 2960 Vm
633 2924 683 2961 uas
708 2909 786 2977 (corr.
811 2923 881 2962 uasa
899 2906 939 2961 A²
961 2913 993 2962 ot
1015 2907 1133 2976 uidetur)
1159 2906 1266 2962 olearia
1286 2883 1391 2962 uas⁸ole
1476 2922 1495 2959 a

263 2993 307 3048 ria
330 2995 358 3048 Β
447 3001 463 3048 2
493 2994 640 3048 eonfitiunt
668 2995 696 3050 A
784 2995 851 3049 illut
874 2997 902 3050 P
924 2995 995 3049 illud
1019 2996 1099 3050 ABo
1190 3002 1205 3050 3
1234 2997 1307 3051 unde
1331 2995 1388 3050 frons

263 3083 363 3137 ouibus
389 3084 418 3137 et
440 3083 531 3137 bubus
555 3085 655 3153 (bobus
679 3086 717 3154 B)
741 3084 778 3139 sit
796 3084 888 3139 PAB
911 3085 984 3139 unde
1007 3086 1119 3140 frondes
1145 3085 1245 3140 ouibus
1268 3087 1297 3141 et
1317 3084 1388 3139 bubus
1473 3074 1484 3122 ’·

265 3172 322 3225 siut
339 3190 355 3225 o
374 3173 448 3226 unde
467 3175 510 3227 est
528 3172 586 3226 fros
606 3173 749 3228 Charisius
758 3190 789 3241 p.
809 3178 872 3239 130,
891 3177 927 3228 34
998 3179 1014 3227 5
1034 3191 1051 3228 a
1069 3173 1266 3244 septetrionali
1284 3174 1356 3244 parte
1371 3170 1391 3225 V
1469 3238 1472 3244 Ι

264 3278 281 3314 a
306 3260 520 3330 septentrionali
543 3261 623 3329 parte
642 3260 670 3313 Β
694 3262 728 3314 uh
751 3262 974 3330 septemtrionali
991 3262 1077 3332 plaga
1096 3262 1178 3317 Aah
1197 3259 1390 3334 septentrionali
1469 3254 1497 3285 ⁸*

264 3349 351 3418 plaga
368 3367 395 3403 m
467 3349 627 3405 ooffiiiunt
646 3348 674 3403 A
1487 3352 1500 3367 “’

337 3444 351 3491 t
381 3438 468 3493 adicit
491 3438 550 3491 ΡΒ
577 3436 684 3492 addicit
701 3439 730 3491 A
752 3437 883 3493 adiicito
974 3440 1009 3494 ab
1034 3441 1133 3496 eodem
1157 3438 1293 3512 scriptore
1314 3441 1393 3497 delerit
1489 3508 1494 3521 ,

264 3527 403 3595 Zolrlseidt
425 3530 526 3596 quaest.
550 3527 609 3580 crit.
628 3527 661 3579 io
681 3526 761 3583 Varr.
785 3545 837 3582 rer.
861 3534 928 3583 rost.
954 3530 1014 3584 libr.
1034 3547 1064 3598 p.
1085 3533 1123 3585 25
1208 3530 1396 3591 umectusPA
1492 3530 1499 3554 ²

264 3618 411 3670 humectus
431 3616 480 3670 Bo
566 3619 583 3667 8
607 3615 824 3671 harundinetum
843 3617 904 3672 PB
927 3617 1124 3672 arundinetum
1141 3618 1189 3674 Aa
1265 3620 1397 3690 bipalior

265 3704 374 3775 bipalio
400 3704 492 3757 PAB
563 3708 579 3757 9
608 3703 770 3760 harundinis
796 3706 855 3761 PA
881 3705 1051 3761 harundines
1077 3723 1145 3764 corr.
1170 3738 1204 3747 -
1227 3708 1252 3763 is
1275 3709 1304 3762 B
1329 3726 1399 3766 arun

267 3792 365 3845 diuiso
421 3791 507 3845 alium
520 3791 647 3846 Vultum
656 3795 716 3848 AB
770 3796 833 3863 seri,
847 3795 888 3849 ibi
903 3813 1012 3865 quoque
1027 3797 1182 3865 corrudam,
1196 3797 1271 3852 unde
1282 3799 1402 3871 asparagi
1492 3855 1500 3877 ,

266 3881 347 3948 fiant,
376 3882 472 3949 aptam
493 3881 639 3936 Iucundos
666 3899 699 3937 aaa
724 3884 826 3939 Getone
911 3892 944 3939 10
972 3885 1041 3940 eade
1068 3885 1096 3940 V
1119 3886 1217 3940 eadem
1235 3887 1298 3942 AB
1375 3894 1402 3947 11

266 4005 482 4061 harundinetum
498 4005 558 4060 PA
571 4007 782 4064 harundinetum
796 4009 824 4063 Β
838 4010 1063 4064 arundinetumo
1101 4015 1133 4064 12
1149 4012 1280 4084 serenda]
1296 3993 1403 4073 seidsA
1454 4055 1500 4090 „

339 4103 371 4153 13
400 4097 559 4152 aminneum
579 4096 669 4151 PAB
698 4097 869 4153 ammineum
892 4117 908 4153 o
1004 4104 1038 4152 14
1066 4115 1220 4169 eugancum
1246 4101 1306 4157 VA
1334 4120 1401 4178 euge
1448 4130 1487 4178 -2

266 4204 349 4258 upum
368 4186 396 4239 Β
468 4184 592 4239 heluium
611 4187 727 4240 Plinius
746 4187 827 4241 XIV
846 4193 899 4242 146
917 4189 1046 4243 helutum
1064 4187 1124 4243 AB
1143 4190 1172 4243 et
1189 4189 1324 4248 heluium
1345 4194 1408 4251 Pa
1482 4219 1491 4269 t

267 4275 427 4329 helueolum
450 4290 465 4326 o
492 4274 637 4329 heluolum
664 4274 732 4330 Octo
804 4281 837 4329 15
866 4276 1028 4331 nebulosior
1052 4277 1118 4332 Cato
1190 4275 1244 4349 ibi]
1275 4281 1327 4337 ahi
1349 4301 1411 4342 corr.
1484 4317 1497 4349 ‚,·

266 4359 308 4413 ibi
326 4363 353 4414 B
439 4361 599 4418 aminneam
619 4365 711 4419 PAB
729 4356 933 4422 ammineumo
1020 4372 1053 4421 1a
1072 4366 1195 4422 caeteras
1220 4367 1248 4421 V
1336 4375 1368 4430 et
1383 4375 1414 4431 (ιο
1485 4348 1498 4453 ,

268 4447 304 4501 iis
324 4450 384 4503 AB
403 4450 484 4505 etde
504 4449 547 4504 his
572 4452 603 4520 V,
623 4468 674 4507 om.
695 4452 762 4509 Colo
