3000 5026
470 335 600 395 annvu
617 338 855 398 avarionuvn
873 342 941 398 ura.
960 340 1010 397 12
1080 343 1082 347 ’
1251 340 1313 407 127

167 507 316 567 sublatum
350 516 408 589 est,
442 509 520 586 quod
554 509 632 570 ludis
660 509 845 569 circensibus
872 511 1026 570 novissimi
1054 508 1198 570 curriculi
1225 510 1314 570 finem

168 615 239 674 lacit
262 614 422 695 quadrigis,
447 616 497 676 sed
521 635 558 676 ne
578 616 650 676 illud
670 615 788 694 quidem
809 634 893 676 ovom
913 617 1049 691 vidimus
1073 617 1151 695 quod
1170 619 1201 677 in
1220 615 1315 677 cenali

167 740 274 800 pompa
299 721 374 782 solet
397 740 462 783 esse
486 724 623 802 primum.
669 724 769 802 itaque
793 722 863 783 dum
887 723 916 782 id
937 724 1094 784 nobiscum·
1110 742 1169 784 una
1188 724 1361 784 videatls12

167 847 202 888 ao
222 831 303 889 venit
321 829 496 910 aeditumuS,
515 829 619 890 docete
638 847 701 911 nos,
721 832 785 908 agri
803 830 919 890 cultura
937 850 1024 909 quam
1041 848 1186 890 summam
1199 830 1314 909 habeat,

132 935 364 996 5utilitatemne
389 955 425 995 an
449 936 628 1015 voluptatem
653 955 690 996 an
710 948 877 1015 utrumque.
924 937 960 996 ad
978 945 1008 998 te
1028 938 1107 996 enim
1126 935 1230 995 rudem
1250 954 1315 996 esse

166 1045 233 1121 agri
266 1042 399 1103 culturae
433 1063 525 1124 nunc,
558 1020 629 1103 olim
662 1043 696 1102 ad
732 1042 883 1102 Stolonem
916 1043 1007 1103 luisse
1040 1042 1152 1103 dicunt.
1204 1043 1316 1123 Scrofa,

166 1149 266 1230 Prius,
285 1151 391 1230 inquit,
410 1151 648 1230 discernendum,
672 1157 773 1210 utrum
796 1168 870 1228 quae
891 1157 1029 1210 scrantur
1047 1152 1078 1209 in
1098 1168 1177 1229 agro,
1202 1169 1235 1211 ea
1255 1149 1316 1210 sola

166 1258 231 1316 sint
257 1259 288 1316 in
317 1256 447 1334 cultura,
476 1275 512 1317 an
541 1259 629 1317 etiam
658 1274 733 1335 quae
761 1255 942 1317 inducantur
971 1258 1001 1315 in
1026 1275 1109 1336 rura,
1137 1263 1171 1316 ut
1194 1275 1262 1316 oves
1286 1264 1316 1315 et

165 1370 311 1423 armenta.
355 1362 440 1422 video
464 1365 551 1443 enim,
575 1366 627 1441 qul
650 1363 686 1424 de
710 1365 773 1442 agri
797 1363 912 1424 cultura
936 1365 1122 1442 scripserunt
1141 1371 1170 1423 ct
1190 1365 1363 1441 poenioe13

114 1477 148 1516 1⁰
166 1478 200 1530 et
228 1487 332 1547 graece
361 1477 390 1529 et
413 1469 516 1548 latine,
544 1469 633 1529 latius
656 1477 787 1551 vagatos,
817 1489 906 1549 quam
930 1471 1106 1548 oportuerit.
1152 1469 1214 1548 Ego
1237 1488 1317 1549 vero,

165 1579 267 1656 inquit
287 1576 377 1657 Stolo,
401 1594 452 1636 eos
475 1595 534 1636 non
558 1579 588 1636 in
613 1580 693 1637 omni
717 1596 749 1637 re
773 1577 931 1638 imitandos
955 1576 1084 1637 arbitror
1108 1584 1138 1637 et
1157 1595 1191 1636 eo
1211 1575 1317 1636 melius

164 1684 276 1744 iecisse
306 1683 461 1763 quosdam,
492 1685 542 1762 qui
571 1685 684 1743 minore
709 1686 841 1762 pomerio
865 1684 1007 1743 linierunt
1031 1683 1159 1743 exclusis
1183 1682 1317 1761 partibus

166 1807 245 1868 quae
275 1807 334 1848 non
358 1791 509 1867 pertinent
532 1790 568 1849 ad
592 1789 668 1850 hanc
693 1809 764 1850 rem.
811 1809 902 1868 quare
926 1797 987 1850 tota
1011 1792 1120 1870 pastio,
1149 1809 1224 1869 quae
1249 1808 1317 1850 con-

144 1898 306 1977 ·iungltur
329 1915 345 1954 a
368 1895 519 1974 plerisque
543 1915 610 1955 cum
635 1899 697 1975 agri
720 1895 851 1977 cultura,
879 1899 972 1975 magis
995 1897 1031 1956 ad
1055 1907 1204 1974 pastorem
1229 1914 1318 1974 quam

116 2008 148 2050 1⁶
166 2002 207 2063 ad
236 2002 393 2081 agricolam
421 2005 570 2081 pertinere
600 2003 723 2064 videtur,
769 2005 908 2082 quocirca
936 2005 1087 2082 principes
1116 2005 1167 2083 qui
1195 2005 1314 2080 utrique
1327 2010 1366 2065 14

166 2112 217 2170 rei
240 2117 464 2188 praeponuntur
487 2109 637 2170 vocabulis
662 2129 780 2189 quoque
804 2118 874 2170 sunt
897 2110 1014 2191 diversi,
1039 2110 1117 2189 quod
1138 2127 1214 2169 unus
1233 2127 1317 2168 voca-

166 2225 223 2276 tur
250 2216 367 2297 vilicus,
399 2216 474 2276 alter
506 2219 646 2295 magister
678 2219 802 2295 pecoris.
854 2216 958 2276 vilicus
991 2218 1054 2294 agri
1084 2214 1202 2276 colendi
1230 2232 1318 2275 causa
1361 2289 1364 2294 ,

167 2325 353 2384 constitutus
382 2331 469 2401 atque
501 2322 665 2401 appellatus
693 2343 709 2384 a
738 2323 817 2405 villa,
845 2323 924 2403 quod
953 2323 989 2383 ab
1013 2341 1048 2383 eo
1071 2324 1101 2382 in
1125 2340 1189 2383 eam
1214 2312 1318 2382 convess

166 2431 286 2490 huntur
309 2429 425 2490 lructus
449 2437 479 2490 et
503 2430 677 2505 evehuntur,
704 2449 771 2491 cum
796 2440 933 2492 veneunt.
979 2449 994 2490 a
1019 2449 1078 2509 quo
1102 2431 1207 2489 rustici
1230 2431 1318 2488 etiam

118 2544 149 2583 ²⁰
167 2555 254 2598 nunc
282 2554 400 2615 quoque
429 2539 503 2596 viam
531 2537 634 2597 veham
662 2537 811 2617 appellant
838 2545 961 2617 propter
989 2545 1126 2598 vecturas
1154 2543 1183 2595 et
1205 2535 1318 2616 vallam,

165 2663 233 2705 non
266 2643 376 2724 villam,
409 2662 468 2722 quo
501 2643 613 2704 vehunt
645 2651 675 2704 et
707 2644 786 2705 unde
819 2644 938 2705 vehunt.
989 2646 1060 2704 item
1095 2644 1235 2704 dicuntur
1268 2643 1320 2721 qui

165 2753 303 2812 vecturis
327 2752 429 2811 vivunt
451 2749 612 2811 velaturam
636 2751 742 2810 lacere.
788 2750 884 2831 Certe,
907 2752 1005 2828 inquit
1029 2750 1214 2830 Fundanius,
1243 2749 1365 2812 aliut15

165 2860 269 2940 pastio
297 2865 327 2918 et
355 2856 427 2917 aliut
455 2859 518 2936 agri
546 2856 674 2936 cultura,
705 2856 756 2915 sed
786 2855 890 2915 adfinis
920 2863 950 2915 et
977 2864 1011 2916 ut
1039 2857 1141 2916 dextra
1169 2856 1240 2916 tibia
1264 2856 1319 2915 alia

166 3015 388 3025 --——-

248 3125 262 3172 1
282 3118 450 3174 circensibus
465 3136 480 3172 o
496 3113 677 3171 circiensibus
694 3114 786 3170 PAB
859 3112 990 3169 curriculi
1009 3115 1036 3169 V
1048 3112 1164 3170 euriculi
1178 3115 1206 3169 A
1220 3111 1319 3188 circuli

165 3207 305 3265 curriculi
319 3209 346 3262 B
401 3215 514 3262 ionem
530 3205 650 3260 uidimus
668 3204 724 3259 VA
739 3221 792 3259 ouo
807 3203 958 3259 incidimus
972 3206 999 3257 B
1054 3203 1209 3260 3uideaiis
1230 3206 1319 3261 VAB

165 3299 208 3353 al.
232 3299 418 3352 tractaremus
445 3298 476 3349 lo
503 3296 626 3364 margine
645 3295 816 3364 adscriptum
834 3300 873 3350 est
890 3295 922 3349 io
939 3294 967 3348 B
1040 3301 1056 3348 4
1076 3310 1108 3348 ao
1131 3296 1210 3349 uenit
1228 3297 1257 3350 P
1272 3296 1320 3351 ad-

165 3387 253 3442 uenit
275 3387 335 3440 AB
360 3384 546 3453 aduenietque
569 3385 735 3450 afemore
754 3400 786 3437 ac
812 3382 909 3437 veniat
980 3383 1119 3438 editumus
1143 3384 1233 3439 PAB
1261 3385 1320 3439 edi-

167 3478 299 3533 timuso
377 3479 392 3527 5
416 3491 453 3527 an
480 3473 686 3542 uoluptutatem
708 3473 735 3526 B
812 3473 951 3542 utrunque
976 3473 1032 3528 VB
1108 3481 1124 3528 6
1148 3475 1268 3544 scropha
1293 3475 1320 3528 A

247 3571 263 3620 ‘1
287 3563 379 3632 inquit
402 3563 458 3616 VB
481 3560 579 3630 inquid
603 3562 630 3615 A
709 3568 741 3615 11
765 3561 857 3630 inquil
881 3562 938 3616 VB
965 3563 1062 3632 inquid
1081 3563 1109 3617 A
1187 3561 1318 3616 inmitan-

171 3655 226 3710 dos
245 3653 273 3708 A
290 3651 451 3707 imutandos
468 3669 495 3706 m
564 3655 596 3703 12
615 3651 742 3719 patribus
761 3651 788 3704 A
858 3657 891 3704 13
910 3653 972 3706 lota
986 3652 1100 3738 partitio
1114 3651 1207 3721 pastio
1221 3653 1249 3706 B
1304 3707 1307 3711 ,

174 3768 211 3816 14
228 3761 266 3814 ad
278 3759 431 3830 pastorem]
451 3759 629 3827 appastorem
647 3757 675 3810 A
749 3763 780 3811 17
800 3756 901 3812 uilicus
925 3765 1038 3828 utroque
1057 3761 1113 3814 loco
1132 3760 1190 3814 PA
1207 3758 1319 3813 uillicus

176 3857 289 3919 utroque
311 3849 359 3903 Bo
434 3852 466 3900 18
495 3846 530 3900 ab
554 3846 599 3917 eo]
624 3846 714 3899 habeo
738 3847 784 3900 sed
807 3846 924 3901 deletoh
942 3847 970 3901 A
1043 3854 1075 3902 19
1102 3865 1165 3902 cum
1186 3845 1319 3918 veneunt]

180 3939 352 3993 conueneunt
365 3936 392 3989 A
408 3933 578 3989 conueniunt
591 3951 617 3987 m
689 3939 724 3986 20
742 3932 819 3986 uiam
837 3933 940 3988 ueham
959 3934 1103 4004 appellant
1122 3935 1179 3989 VB
1192 3935 1320 4006 uiamuia‘p

182 4044 260 4080 neam
273 4024 455 4097 appellantA
468 4023 543 4077 uiam
559 4038 641 4076 neam
656 4022 802 4090 appellant
816 4022 954 4076 Victorius
967 4023 1043 4076 uiam
1058 4038 1120 4075 mea
1134 4038 1219 4075 causa
1229 4040 1320 4076 meam

188 4116 362 4184 appellandam
426 4119 458 4166 21
478 4127 532 4165 non
547 4110 656 4181 villam]
675 4111 818 4165 nouellam
832 4111 885 4164 Am
904 4127 972 4165 corr.
991 4109 1127 4164 nouillam
1142 4109 1182 4162 As
1245 4111 1319 4164 unde

114 4244 116 4253 .
192 4205 301 4258 evehunt
324 4204 441 4258 Ursinus
513 4207 547 4254 22
570 4199 726 4254 celaturam
749 4200 809 4254 AB
832 4198 999 4255 collaturam
1024 4198 1079 4253 Vm
1150 4199 1244 4267 inquil
1265 4199 1320 4253 VB

114 4276 116 4287 '
199 4288 281 4359 inquid
294 4295 319 4347 A
406 4290 477 4345 aliut
495 4295 608 4360 utroque
627 4291 683 4344 loco
700 4291 727 4342 P
743 4289 820 4343 aliud
839 4295 952 4359 utroque
965 4290 1047 4346 ABo
1119 4296 1153 4344 23
1172 4290 1262 4359 pastio
1278 4292 1322 4364 set

199 4391 252 4432 corr.
276 4382 365 4451 pastio
395 4383 423 4435 et
445 4380 473 4434 A
554 4376 745 4448 agrigcultura
776 4395 844 4433 corr.
876 4379 954 4448 agric
977 4411 1010 4420 -
1034 4380 1062 4433 A
1143 4377 1242 4434 adfinis
1263 4378 1321 4432 PB

201 4464 261 4522 alnis
277 4472 303 4526 A
321 4471 447 4524 affinisv
644 4478 649 4487 “

240 4563 298 4611 Uaro
312 4581 344 4610 on
357 4580 416 4610 sorr
430 4580 450 4611 c.
1091 4567 1107 4619 9
1176 4583 1179 4588 “
