3000 5026
440 333 570 389 RERVM
588 333 823 390 ursulentium
842 334 907 391 LIB.
927 335 989 390 114
1223 334 1288 399 229

144 502 169 560 it
192 509 285 581 retro,
313 500 407 580 quaad
431 503 566 580 pervenit
590 501 625 561 ad
649 501 768 562 lanium.
814 501 862 562 hic
886 504 965 562 enim
990 502 1163 563 conciliator
1186 502 1289 562 suillae

144 608 244 666 carnis
267 606 353 668 datus
376 608 494 687 populo.

233 713 291 775 Sus
314 733 419 793 graece
443 715 553 776 dicitur
575 701 629 794 ὗς,
657 715 727 776 olim
750 712 815 788 θῧς
838 717 935 777 dictus
959 715 1067 777 abillo
1091 716 1180 776 verbo
1204 715 1283 795 quod
1317 720 1335 776 9

143 820 247 882 dicunt
269 814 379 902 θύειν,
404 822 481 901 quod
501 832 547 883 est
570 823 721 884 inmolare.
767 823 803 883 ab
823 823 909 884 suillo
928 826 1008 884 enim
1026 841 1134 901 genere
1155 822 1286 901 [pecore]

112 927 305 988 ⁵inmolandi
328 930 447 990 initium
470 920 609 1009 primum
624 941 774 1009 sumptum
798 931 923 1010 videtur,
947 933 1032 990 cuius
1053 931 1183 1009 vestigia,
1208 928 1286 1008 qrrod

141 1035 235 1095 initiis
259 1034 375 1096 Cereris
398 1039 483 1114 porci
506 1037 694 1117 inmolantur,
718 1046 748 1097 et
771 1037 849 1116 quod
873 1039 966 1097 initiis
986 1039 1076 1117 pacis,
1096 1035 1199 1096 loedus
1218 1052 1286 1094 cum

140 1141 261 1221 leritnr,
289 1161 399 1221 porcus
423 1144 581 1225 occiditur,
606 1152 635 1205 et
659 1145 736 1223 quod
761 1146 931 1223 nuptiarum
955 1146 1039 1204 initio
1063 1145 1178 1222 antiqui
1201 1159 1286 1219 reges

140 1265 175 1308 ac
204 1248 345 1310 sublimes
373 1253 429 1311 viri
456 1254 486 1312 in
510 1251 629 1312 Etruria
657 1253 687 1310 in
716 1254 925 1312 coniunctione
948 1250 1074 1330 nuptiali
1096 1267 1170 1310 nova
1194 1238 1286 1326 nupta

140 1362 171 1415 et
199 1375 293 1417 novus
322 1359 444 1418 maritus
473 1361 602 1437 primum
628 1377 752 1436 porcum
775 1358 925 1419 inmolant.
971 1359 1063 1437 prisci
1086 1375 1205 1437 quoque
1229 1354 1280 1414 La·
1293 1356 1334 1414 10

98 1467 125 1505 1⁰
142 1461 210 1543 tini,
239 1464 327 1523 etiarn
355 1463 460 1525 Graeci
493 1467 524 1525 in
551 1464 633 1525 ltalia
668 1466 745 1526 idem
780 1465 928 1525 factitasse
963 1465 1108 1525 videntur.
1159 1481 1227 1522 narn
1255 1471 1285 1522 et

141 1577 259 1629 nostrae
284 1569 432 1650 mulieres,
456 1573 581 1631 maxime
605 1574 746 1652 nutrices,
770 1579 905 1632 naturam
930 1591 986 1650 qna
1012 1572 1136 1631 feminae
1161 1570 1283 1629 suntin

143 1676 304 1754 virginibus
323 1676 471 1756 appellant
489 1697 622 1759 porcum,
646 1687 676 1740 et
694 1697 816 1757 graecae
836 1678 974 1758 ciceron,
999 1679 1199 1756 significantes
1218 1693 1283 1734 esse

144 1779 262 1860 dignum
295 1786 404 1862 insigni
437 1787 616 1864 nuptiarum.
667 1785 786 1846 suillum
819 1762 911 1864 pecus¹
944 1785 1085 1844 donatum
1114 1783 1150 1843 ah
1179 1789 1284 1842 natura

148 1885 244 1950 dicunt
264 1889 328 1966 [iis]
348 1891 382 1950 ad
403 1891 590 1970 epulandum.
637 1894 736 1971 itaque
756 1894 793 1952 iis
812 1895 938 1953 animam
958 1892 1055 1951 datam
1075 1908 1140 1950 esse
1159 1888 1283 1968 proinde

148 2041 351 2056 Ἢ

212 2137 244 2186 14
262 2132 357 2200 itaque
375 2130 410 2186 iis
429 2131 551 2188 animam
572 2134 650 2189 Ptin.
670 2140 697 2200 8,
715 2137 773 2190 207

143 2270 349 2286 2—-

211 2368 223 2415 1
247 2363 277 2416 id
300 2364 374 2418 retro
397 2362 485 2418 VAB
557 2366 649 2434 quoad
674 2366 730 2420 ΥΒ
753 2367 826 2435 qnod
849 2367 884 2420 ed
903 2367 931 2421 A
1003 2363 1041 2420 ad
1058 2363 1164 2420 iunium
1183 2365 1209 2416 Β

126 2445 220 2505 anille
238 2452 330 2506 carnis
350 2455 409 2507 Am
428 2453 471 2508 sui
485 2455 610 2509 ueearnis
625 2455 651 2508 B
666 2456 762 2510 suinae
778 2455 868 2510 cernis
886 2461 911 2510 et
928 2456 959 2509 iu
972 2455 1095 2524 marpiue
1109 2453 1132 2507 c’
1149 2452 1242 2527 suillle
1256 2454 1285 2506 P

114 2532 231 2595 suinae
250 2541 340 2595 carnis
358 2559 375 2596 u

208 2634 223 2682 3
251 2628 302 2683 Sus
329 2647 430 2700 graece
458 2629 562 2686 dicitur
584 2622 617 2694 ὗς
640 2632 707 2686 olim
730 2629 821 2702 θύτης
846 2634 881 2687 ab
905 2632 955 2685 illo
978 2633 1064 2686 uerbo
1090 2631 1181 2685 dietus
1205 2630 1280 2700 qnod

94 2703 237 2770 dicitur
265 2719 353 2773 θυεῑν
376 2736 406 2787 o,
432 2721 482 2774 ubi
504 2726 568 2775 aute
589 2720 625 2774 ab
650 2722 775 2775 additum
799 2720 889 2775 dietus
913 2727 938 2775 et
956 2727 1103 2775 correctum
1126 2719 1225 2788 θύειν,
1249 2722 1281 2775 iu

85 2804 258 2875 margine
290 2808 327 2861 ad
358 2798 391 2869 ύς
419 2809 588 2877 adscriptum
616 2813 653 2862 est
681 2809 704 2860 c’
732 2826 795 2876 aye,
829 2810 866 2862 ud
893 2805 985 2877 θύτης
1013 2816 1103 2862 autem
1131 2811 1228 2879 thysus
1256 2817 1281 2865 et

74 2891 273 2950 Praeterea
302 2897 324 2950 c'
353 2888 386 2958 ὗς
410 2896 478 2950 olim
501 2892 558 2956 θύς
583 2912 636 2948 sus.
660 2911 726 2947 nam
750 2891 782 2948 τὸ
806 2915 824 2948 u
847 2914 897 2963 pro
922 2897 1092 2964 aspiratione
1115 2900 1181 2965 poni
1205 2901 1280 2966 apud

72 2974 264 3052 a*ntiquos
298 2984 372 3040 solet
395 2986 427 3039 P.
476 2984 539 3038 ‘Sue
572 2983 676 3038 Graece
709 2983 811 3036 dicitur
842 2974 892 3051 ύς,
926 2983 992 3038 olim
1024 2985 1130 3052 thysus.
1180 2986 1279 3040 Priscu

68 3048 191 3119 haec
226 3074 304 3128 uem
317 3095 325 3126 .·
339 3075 371 3128 u
399 3074 505 3127 excuse
535 3079 597 3126 aare
624 3068 726 3141 eaeor
757 3073 896 3127 Victorius
1003 3071 1106 3126 dicitur
1133 3091 1183 3142 uys
1211 3074 1277 3126 oum

67 3136 231 3215 thysara
255 3161 346 3217 dictus
365 3163 425 3216 AB
497 3168 514 3214 4
535 3162 622 3230 eyein
645 3163 685 3229 A,
708 3162 741 3215 iu
764 3163 865 3216 lacuna
888 3162 1025 3230 adscripto
1048 3163 1080 3215 iu
1102 3163 1225 3231 marpiue
1243 3168 1278 3230 gc
1365 3174 1369 3182 '

68 3239 156 3290 ‘'m-
196 3251 230 3303 Β
253 3268 330 3306 suem
348 3268 375 3304 m
482 3250 617 3304 inmolare
637 3250 665 3304 A
686 3250 805 3305 imolare
830 3250 855 3302 V
875 3249 1020 3304 immolare
1042 3251 1068 3302 Β
1176 3267 1278 3320 genere

69 3330 233 3393 pecOre
258 3339 350 3394 PAB
377 3356 446 3394 corr.
475 3355 575 3408 genere
602 3339 712 3407 pecoris
735 3338 776 3392 Α2
804 3355 903 3407 genere
931 3340 1052 3408 pectoris
1075 3357 1102 3393 m
1124 3357 1225 3408 pecore
1250 3344 1279 3394 et

74 3417 235 3482 genere
258 3445 274 3482 u
299 3427 407 3497 pecoris
431 3429 711 3496 generetlueuudus,
735 3429 784 3482 ubc'
806 3427 913 3496 pecoris
936 3429 1031 3482 deleuit
1055 3427 1171 3482 Ursinus
1261 3433 1276 3481 5

77 3539 290 3624 inulolondi
312 3569 340 3623 A
363 3569 527 3628 immolandi
552 3570 607 3623 ΥΒ
681 3576 696 3623 6
724 3569 825 3623 cereris
849 3588 895 3624 mu
919 3530 989 3625 neiis
1008 3573 1035 3624 A
1058 3570 1128 3624 ceris
1148 3569 1206 3622 PB

82 3648 313 3712 ¹¹¹11nolantur
338 3658 426 3712 VAB
515 3657 613 3713 foedus
638 3659 664 3712 V
679 3658 759 3712 fedus
778 3659 805 3712 A
825 3660 923 3714 faedus
941 3661 969 3713 Β
1060 3666 1075 3714 'l
1098 3660 1197 3714 feritur
1220 3659 1276 3712 ΥΒ

83 3718 246 3803 ferg-stur
264 3748 292 3799 A
311 3745 424 3800 territur
442 3763 467 3800 uc
539 3747 569 3799 et
587 3746 660 3814 quod
679 3745 853 3819 nuptiarum]
869 3748 930 3802 Mos
945 3747 974 3800 in
988 3749 1094 3818 nuptiis
1108 3751 1140 3803 iu
1153 3749 1277 3818 marpiue

87 3816 280 3904 “dscrlpeu
300 3837 328 3888 P
398 3834 579 3889 iimmolant
602 3835 691 3889 VAB
765 3842 797 3890 10
816 3836 901 3890 etiam
919 3838 1013 3906 graeci
1036 3838 1124 3892 VAB
1143 3839 1173 3893 et
1191 3837 1276 3892 etiam

77 3913 228 3978 'graeci
246 3943 273 3978 m
292 3925 439 3978 Iucundos
512 3929 543 3976 11
563 3941 618 3990 qua
635 3942 652 3977 u
671 3931 726 3992 qua
744 3939 812 3978 corr.
832 3942 888 3993 qua
906 3925 934 3979 A
953 3944 1037 3994 quam
1061 3927 1148 3980 PBm
1219 3926 1276 3981 foe-

94 3993 224 4068 minae
245 4014 272 4065 V
344 4019 376 4065 12
395 4028 507 4080 porcam
523 4013 670 4066 Iucundus
743 4011 790 4065 ‘Et
804 4012 926 4066 Graecae
941 4021 1036 4081 χοῖρον
1051 4053 1057 4065 .
1073 4015 1123 4067 Itu
1136 4017 1276 4068 emeuduui

97 4088 115 4126 θ
154 4105 287 4158 uetueris
315 4103 393 4156 libris
407 4122 415 4153 :
430 4103 461 4154 c'u
489 4104 593 4156 mcueie
622 4104 693 4156 cuiue
720 4109 803 4157 autea
832 4102 941 4156 Graeci’
978 4102 1115 4154 Victorius
1142 4104 1171 4155 et
1198 4104 1274 4170 greci

100 4171 271 4245 ΕΟῙῑῡεποι]
285 4192 313 4246 A
332 4193 361 4244 et
380 4189 491 4258 graecia
510 4191 647 4244 echoeron
661 4192 688 4244 Β
708 4193 737 4244 et
751 4190 848 4245 Graeci
867 4196 962 4259 χοῖρον
980 4207 996 4243 u
1011 4190 1040 4242 et
1053 4187 1130 4261 greci
1144 4205 1161 4241 a
1176 4189 1272 4244 echoe-
1290 4248 1294 4254 .

101 4265 173 4318 r⁰¹1
204 4282 238 4334 c'u
260 4281 384 4348 marpiue
407 4280 524 4333 correxit
543 4280 571 4333 P
640 4279 829 4349 significantes
853 4294 913 4331 esse
936 4276 966 4330 id
985 4277 1094 4345 insigne
1112 4278 1273 4347 nuptiarum

109 4334 256 4422 Ursinus
311 4373 344 4420 13
363 4365 468 4435 insigni
487 4368 578 4421 PAB
596 4366 707 4436 insigne
725 4385 741 4422 u
796 4367 831 4421 ab
850 4369 951 4421 natura
965 4367 992 4421 A
1012 4369 1146 4421 enatura
1165 4368 1220 4422 ΥΒ

108 4427 165 4487 ¹4·
179 4448 285 4512 esaune
301 4455 336 4510 ns
355 4456 391 4509 aa
409 4455 497 4511 PAR
516 4456 612 4510 escunt
632 4459 702 4512 aee
