3000 5026
356 1043 687 1120 enerrvnn
726 1047 906 1123 Lissi
942 1049 1130 1125 PRIMI
1204 1027 1206 1031 ’

162 1239 224 1310 Qut
249 1240 354 1300 Graeci
378 1241 414 1300 de
438 1245 501 1321 egri
525 1244 640 1304 cultura
665 1247 840 1324 scripserint

162 1346 249 1417 Quae
273 1347 451 1425 diiungenda
476 1352 535 1410 sint
558 1350 601 1428 ab,
618 1355 682 1430 agri
704 1352 820 1412 cultura

162 1457 269 1514 Artem
293 1473 358 1514 esse
382 1455 615 1533 agriculturam

133 1561 239 1639 ⁵Agri
263 1560 396 1621 culturae
420 1563 498 1640 quod
522 1565 561 1622 sit
584 1566 701 1624 initium
726 1573 756 1624 et
780 1568 847 1645 quis
871 1567 938 1626 finis

161 1666 245 1736 Quot
269 1674 368 1746 partes
391 1668 497 1729 habeat
520 1670 693 1750 discipliuae
718 1671 833 1732 cultura
859 1674 921 1749 agri

162 1774 207 1833 De
232 1772 294 1835 selo
319 1775 403 1834 fundi
426 1794 501 1855 quae
525 1779 585 1837 sint
608 1778 734 1838 ridenda

162 1880 224 1950 Qut
253 1883 292 1940 sit
319 1899 389 1959 eger
417 1892 556 1961 optumus
585 1893 614 1944 et
643 1887 709 1963 quis
737 1885 773 1945 ab
802 1905 836 1945 ec
864 1888 1018 1964 proximus
1042 1895 1072 1946 et
1096 1891 1148 1966 qui
1171 1889 1311 1968 deinceps

162 1989 206 2047 lte
231 1990 325 2048 vineis

120 2104 147 2142 1⁰
162 2094 207 2154 De
230 2095 327 2154 modis
350 2113 488 2173 agrorum
750 2174 752 2178 y

160 2201 327 2263 Heredium
352 2212 382 2262 et
405 2205 538 2263 centurie
563 2213 592 2264 et
616 2204 708 2265 saltus
732 2224 824 2285 quare
848 2207 908 2267 sint
931 2207 977 2267 his
997 2205 1148 2267 vocabulis
1167 2207 1310 2286 appellata

160 2309 206 2369 De
231 2307 298 2368 villa
925 2292 927 2295 ι

159 2416 205 2475 De
231 2434 307 2493 aque
329 2415 415 2476 villae

159 2522 204 2581 De
229 2521 294 2583 icco
319 2509 402 2583 et'in
427 2541 512 2601 quarn
537 2535 652 2602 partein
676 2526 750 2586 caeli
774 2527 840 2588 ville
864 2528 1000 2607 ponenda
1023 2531 1062 2589 sit

118 2635 145 2674 1⁵
160 2628 205 2687 De
231 2613 316 2688 villae
339 2631 469 2689 rusticae
492 2629 691 2710 descriptione

160 2735 205 2794 De
231 2737 341 2813 saeptis
366 2753 440 2813 quae
464 2736 548 2796 fundi
572 2738 687 2797 tutandi
711 2756 798 2797 causa
822 2739 894 2799 fiant

160 2842 204 2901 lie
230 2841 339 2901 sinibus
362 2843 481 2902 tuendis

161 2949 205 3008 lie
231 2950 275 3008 eis
298 2968 373 3027 quse
398 2958 480 3009 extra
504 2949 628 3009 fundum
652 2948 804 3007 commode
828 2950 900 3008 fiunt
923 2960 973 3009 aut
996 2952 1181 3012 incommoda

162 3056 237 3134 Agri
260 3055 369 3134 quibus
392 3056 483 3116 rebus
507 3056 642 3117 coluntur

125 3161 208 3221 20ite
240 3181 364 3223 numero
398 3166 592 3244 rusticorum,
625 3172 698 3242 quot
730 3165 830 3241 operis
864 3166 990 3242 quisque
1024 3167 1086 3242 egri
1120 3165 1225 3224 medus
1253 3165 1310 3225 coli

255 3272 349 3349 pessit

241 3448 254 3493 1
269 3442 402 3498 Varronis
417 3442 520 3496 Rerum
529 3440 707 3495 Raeticarum
723 3441 757 3496 de
772 3441 943 3510 agricultura
956 3441 1028 3496 liber
1041 3441 1146 3511 Idiber
1155 3443 1260 3512 primus
1271 3445 1309 3513 B)

178 3528 269 3599 Incipit
294 3531 414 3586 feliciter
441 3530 533 3586 PAB
560 3530 597 3584 M.
622 3529 652 3586 T.
677 3530 864 3585 VARRONIS
892 3530 955 3585 REI
977 3530 1155 3586 RVSTICAE
1179 3529 1310 3584 GAPITA

182 3615 338 3675 treptie
411 3627 426 3674 2
447 3620 500 3685 Qui
519 3619 613 3688 graeci
633 3619 668 3673 de
687 3619 859 3688 agriculture
873 3619 930 3673 PA
945 3620 999 3686 Qui
1017 3619 1112 3689 graeci
1131 3621 1161 3674 et
1177 3619 1260 3674 latini
1275 3620 1309 3674 de

114 3742 117 3777 ξ
185 3707 339 3773 agriculture
356 3712 384 3764 Β
404 3709 502 3764 Graeci
526 3710 555 3762 et
576 3707 657 3763 latini
681 3709 729 3776 qui
751 3707 786 3763 de
808 3725 838 3763 re
860 3709 998 3764 rusticae
1070 3709 1233 3779 scripserint
1249 3709 1310 3762 AB

114 3808 116 3816 ·
191 3790 310 3855 Victorius
330 3799 502 3869 scripserunt
518 3796 545 3852 V
595 3797 700 3862 ttQuot
714 3799 807 3867 partes
821 3798 870 3851 Bu
885 3798 965 3861 Quod
979 3801 1073 3866 partes
1089 3798 1148 3851 ΡΑ
1203 3805 1310 3867 tquae

114 3916 117 3939 t
187 3878 232 3935 rint
245 3889 364 3944 uidenda
378 3888 435 3941 ΡΑ
453 3902 524 3955 quae
539 3888 567 3940 et
582 3888 650 3954 quot
663 3885 917 3941 sintuidendan
983 3889 1149 3954 coptumus
1164 3887 1223 3939 PB
1237 3887 1310 3955 opti·
1365 3900 1366 3903 ’
1449 3892 1452 3895 ’

114 4034 116 4041 ,
186 3982 233 4025 mut
254 3979 299 4032 Ac
374 3984 407 4030 14
430 3978 540 4046 etpost
559 3977 621 4030 loco
645 3992 695 4031 om.
717 3976 745 4028 Β
826 3975 855 4028 in
878 3974 974 4044 quam]
998 3974 1028 4027 in
1051 3990 1153 4042 uquam
1176 3976 1203 4027 A
1277 3980 1310 4028 16

184 4063 257 4125 ⁸tntis
279 4068 305 4121 V
374 4067 444 4120 fiant
468 4066 496 4118 P
520 4066 592 4119 fiunt
614 4066 673 4119 AB
704 4063 842 4119 Victorius
867 4063 926 4118 fieri
954 4062 1075 4116 debeant
1099 4064 1127 4115 et
1149 4062 1271 4129 qualiter
1294 4079 1310 4116 v

244 4160 273 4208 18
295 4157 337 4211 De
365 4154 405 4210 eis
437 4155 492 4209 VB
523 4155 661 4209 Victorius
683 4153 725 4207 De
752 4153 796 4207 his
819 4153 847 4207 A
918 4151 1035 4206 comoda
1057 4149 1086 4206 A
1156 4151 1226 4204 fiant
1254 4151 1310 4206 VB

114 4281 117 4291 ·
182 4225 284 4298 flflsstA
307 4246 444 4301 Victorius
514 4242 663 4298 incomoda
681 4243 708 4295 A
780 4248 815 4296 20
837 4241 878 4296 De
901 4255 1016 4295 numero
1035 4239 1221 4308 rusticorum!
1238 4240 1310 4305 Quo·

114 4294 121 4355 d
182 4313 248 4397 fiilis
266 4335 354 4404 operis
368 4335 395 4388 A
410 4334 451 4388 De
464 4350 579 4388 numero
594 4331 763 4385 rusticorum
778 4336 807 4385 et
820 4332 888 4398 quot
902 4329 992 4399 operis
1006 4330 1034 4384 Β
1044 4329 1086 4384 De
1100 4347 1215 4383 numero
1230 4329 1311 4383 rusti-

114 4440 121 4503 ἰ
179 4416 267 4474 etrum
284 4423 411 4491 quotiens
430 4422 521 4491 operis
538 4422 565 4474 P
577 4421 619 4474 De
638 4437 752 4474 numero
767 4419 891 4474 familiae
906 4419 1046 4474 rusticclis
1062 4421 1091 4473 et
1105 4420 1175 4486 quot
1188 4417 1280 4487 operis
1294 4434 1310 4471 u

114 4514 117 4527 .
1059 4507 1097 4561 8*
