3000 5026
179 321 245 384 224
670 315 857 378 VARRONIS

179 487 248 567 bus,
287 488 337 547 sed
376 488 498 548 auribus
532 490 682 567 spiritum.
703 490 813 550 ducere
847 488 942 549 solere
976 496 1110 568 pastores
1143 492 1329 551 curiosiores

178 593 291 672 aliquot
313 594 425 654 dicunt.

152 703 170 759 6
271 700 311 761 De
336 701 436 761 alteris
461 711 600 782 quattuor
624 704 702 783 quod
726 714 772 764 est
794 705 830 764 de
853 710 949 782 pastu,
972 702 1028 761 hoc
1048 701 1123 762 dico.
1160 702 1330 764 stabulatur

178 826 270 885 pecus
294 810 414 891 melius,
439 811 472 871 ad
498 812 639 871 hibernos
663 820 782 872 exortos
806 813 832 870 si
855 817 978 890 spectat,
1002 809 1079 888 quod
1105 817 1150 869 est
1175 809 1328 871 alsiosum.

177 914 221 996 id,
250 924 282 976 ut
310 917 464 999 pleraque,
492 919 592 997 lapide
617 927 668 979 aut
697 925 771 978 testa
795 917 947 977 substerni
970 923 1087 995 oportet
1111 916 1237 996 caprIle,
1265 936 1328 996 quo
1355 932 1369 971 5

177 1024 277 1082 minus
301 1027 339 1084 sit
359 1025 538 1103 uliginosum
557 1045 591 1086 ac
611 1025 797 1086 lutulentum.
836 1024 909 1083 foris
928 1042 997 1083 cum
1016 1030 1062 1082 cst
1080 1023 1329 1104 pernoctandum,

177 1131 249 1189 item
272 1133 302 1190 in
336 1133 460 1191 candem
489 1140 603 1211 partem
627 1131 701 1193 caeli
724 1150 799 1210 quae
824 1137 960 1208 spectent
983 1137 1083 1208 saepta
1111 1137 1231 1207 oportet
1254 1130 1325 1191 sub·

176 1240 270 1296 sterni
298 1238 448 1317 virgultis,
476 1258 513 1298 ne
542 1240 720 1300 oblinantur.
773 1257 830 1296 non
858 1236 951 1296 multo
980 1235 1065 1295 aliter
1094 1235 1240 1296 tuendum
1269 1237 1326 1297 boc

176 1360 267 1419 pecus
300 1346 332 1404 in
364 1355 451 1424 pastu
484 1354 572 1425 atque
600 1345 734 1424 ovillum,
763 1343 841 1424 quod
871 1355 968 1403 tannen
992 1341 1103 1401 habent
1127 1360 1180 1402 sua
1204 1346 1325 1422 propria

176 1450 328 1530 quaedam,
348 1452 426 1531 quod
446 1455 546 1530 potius
566 1452 751 1513 silvestribus
771 1451 895 1511 saltibus
914 1449 1099 1509 delectantur
1116 1467 1205 1526 quam
1220 1452 1322 1527 pratis.
1337 1461 1362 1501 10

150 1556 312 1617 istudiose
341 1561 419 1619 enim
447 1559 483 1619 de
512 1560 679 1639 agrestibus
707 1558 865 1619 fruticibus
893 1565 1056 1634 pascuntur
1083 1563 1172 1633 atque
1197 1557 1228 1615 in
1251 1556 1324 1616 locis

175 1661 262 1722 cultis
300 1665 425 1744 virgulta
460 1675 593 1744 carpunt.
644 1668 744 1746 itaque
776 1685 792 1725 a
825 1663 973 1742 carpendo
1007 1680 1112 1741 caprae
1146 1663 1322 1723 nomtnatac

174 1769 211 1829 ab
239 1769 295 1829 boc
323 1773 354 1830 in
382 1771 445 1850 lege
475 1772 629 1833 locationis
658 1773 740 1832 lundi
769 1774 864 1849 excipi
894 1769 982 1849 solet,
1017 1788 1053 1828 ne
1082 1769 1207 1830 colonus
1226 1788 1322 1849 ,capra

174 1884 275 1937 natum
308 1880 338 1937 in
373 1879 463 1940 lundo
496 1889 605 1959 pascat.
656 1880 760 1939 harum
794 1880 872 1937 enim
906 1877 1009 1937 dentes
1042 1878 1156 1937 inimici
1191 1879 1322 1956 sationis,

174 2002 246 2061 quas
275 1988 362 2044 etiam
392 1987 531 2065 astrologi
560 1990 599 2046 ita
624 1995 802 2065 receperunt
825 1987 854 2043 in
879 1983 1002 2058 caelum,
1026 1992 1060 2042 ut
1083 1991 1166 2042 extra
1191 1982 1321 2044 lembum
1334 1991 1374 2032 1⁵»

174 2089 330 2151 duodecim
364 2095 516 2170 signorum
551 2094 745 2154 excluserint:
778 2099 847 2151 sunt
880 2091 938 2151 duo
972 2090 1059 2150 haedi
1087 2097 1117 2149 et
1145 2108 1236 2168 capra
1265 2108 1321 2150 non

148 2192 264 2274 8longe
292 2217 307 2257 a
335 2206 429 2259 tauro.
482 2201 558 2278 quod
589 2201 624 2260 ad
653 2201 778 2260 feturam
807 2200 949 2279 pertinet,
988 2197 1150 2257 desistente
1178 2205 1327 2257 autumno

174 2305 296 2380 erigunt
319 2324 334 2364 a
358 2324 446 2384 grege
471 2309 501 2366 in
526 2325 658 2386 campos,
682 2307 782 2366 hircos
801 2309 831 2364 in
855 2303 990 2384 caprilia,
1014 2305 1085 2363 item
1109 2313 1143 2363 ut
1166 2305 1199 2363 in
1222 2306 1329 2364 arieti-

174 2408 230 2469 bus
249 2409 369 2472 dictum.
410 2431 484 2491 quae
504 2416 649 2493 concepit,
673 2422 740 2491 post
760 2421 896 2491 quartum
916 2429 1048 2471 mensem
1068 2410 1166 2469 reddit
1185 2418 1339 2490 tempore

174 2533 272 2575 verno.
318 2520 348 2575 in
373 2521 522 2578 nutricatu
547 2519 646 2597 haedi,
670 2521 836 2578 trimestres
859 2536 926 2577 cum
951 2526 1020 2576 sunt
1044 2517 1127 2597 facti,
1151 2526 1216 2577 tum
1243 2536 1351 2577 sum-

172 2624 333 2682 mittuntur
365 2634 395 2684 et
427 2627 457 2684 in
491 2643 579 2703 grege
612 2627 759 2702 incipiunt
792 2644 866 2686 esse.
921 2624 991 2703 quid
1025 2624 1120 2684 dicam
1148 2623 1186 2682 de
1215 2641 1407 2685 caruil}-

245 2834 276 2881 13
297 2829 332 2883 ab
351 2831 404 2884 hoc
423 2830 451 2883 in
470 2831 533 2901 lege
553 2833 575 2885 Ι
592 2838 622 2898 2,
641 2837 677 2885 17

244 3026 407 3094 lspiritum
420 3044 467 3080 mo
488 3027 608 3083 sitritum
627 3027 717 3080 PAB
770 3027 922 3080 curiosores
936 3026 964 3078 Β
1019 3025 1173 3095 inliquot,
1192 3029 1241 3081 sed
1259 3029 1273 3082 t
1291 3027 1407 3080 a:

171 3128 273 3165 rasura
291 3113 319 3168 A
338 3115 453 3183 aliquod
474 3117 532 3170 PB
551 3114 638 3183 aliqui
656 3116 710 3168 hoc
729 3133 743 3168 u

242 3208 259 3253 4
278 3202 417 3270 hybernus
442 3203 468 3255 V
546 3206 657 3258 exortos
679 3204 736 3255 PB
755 3205 867 3257 exortus
886 3205 965 3258 Amo
1042 3200 1067 3256 si
1084 3206 1196 3271 spectat
1219 3203 1278 3258 VB

172 3291 312 3356 spectant,
336 3293 381 3344 sed
401 3309 420 3343 n
440 3294 553 3346 deletum
571 3294 599 3345 A
618 3293 641 3346 si
661 3294 790 3360 spectant
807 3310 834 3345 m
906 3298 921 3346 b
942 3295 991 3347 sut
1008 3291 1095 3362 testa]
1115 3292 1407 3348 8111111160,-

171 3383 220 3449 aut
239 3398 279 3449 Α2
383 3398 595 3453 diutulendum
613 3400 641 3451 A
745 3398 808 3452 'lin
827 3398 944 3451 eandem
962 3401 1071 3467 partem
1096 3398 1152 3451 VB
1170 3400 1200 3452 in
1220 3401 1358 3455 eade
1392 3415 1407 3448 2·

170 3487 280 3554 partem
299 3488 326 3540 A
350 3488 378 3540 in
402 3487 501 3541 eadem
524 3491 603 3556 parte
621 3506 649 3541 m
721 3489 801 3555 septa
821 3489 933 3555 oportet
952 3485 1091 3540 substerni
1109 3487 1243 3557 uirgultis
1263 3487 1407 3542 [3⁹7

170 3578 250 3642 septa
265 3579 377 3644 oportet
391 3575 591 3629 substernimus
602 3575 764 3645 uirgultisA
775 3580 855 3648 septa
864 3576 975 3643 oportet
984 3575 1185 3629 substernimus
1196 3575 1343 3645 gultis
1376 3571 1407 3624 „l

170 3667 250 3730 septa
265 3664 467 3717 substernimus
480 3665 635 3734 uirgultiso
673 3665 819 3721 bouillum
831 3664 921 3718 PAB
936 3664 1068 3717 ouiluma
1105 3663 1340 3719 habentPA
1367 3658 1407 3709 J

169 3751 289 3805 habeto
363 3759 394 3805 11
416 3753 555 3807 studiosae
574 3755 601 3806 Β
668 3755 816 3809 fruticibus
835 3755 863 3807 P
878 3752 1043 3821 fructicibus
1062 3751 1088 3804 B
1108 3750 1302 3807 fructicibus
1360 3749 1401 3800 A

169 3841 305 3894 fructibus
319 3859 366 3894 mc
434 3844 519 3910 utque
533 3843 580 3895 Bo
596 3843 686 3910 adque
702 3844 758 3896 PA
825 3849 856 3895 1⁶2
871 3840 995 3910 uirgulta
1016 3840 1071 3894 VB
1085 3840 1243 3909 uirgultum
1258 3837 1395 3896 Am

224 3937 255 3983 13
271 3931 306 3984 ab
320 3932 374 3985 hoc
385 3931 476 3985 PAB
491 3933 526 3984 ob
542 3933 622 3986 hoco
678 3932 774 4001 excepi
788 3950 856 3986 corr.
873 3931 1000 3999 excipiB
1055 3934 1248 3997 supranatum
1262 3922 1390 3982 Vn

169 4036 281 4089 capram
307 4022 403 4073 natum
423 4025 449 4074 A
469 4037 581 4089 capram
600 4025 697 4074 natum
716 4022 743 4073 Β
818 4026 850 4073 16
874 4019 1050 4072 excluserunt
1068 4036 1137 4073 corr.
1158 4051 1192 4058 —
1212 4020 1296 4074 rint·
1349 4011 1385 4060 Α

276 4109 371 4178 haedi]
392 4109 437 4162 edi
455 4110 483 4163 A
586 4126 670 4178 capra
694 4109 749 4162 VB
768 4127 851 4178 capre
869 4110 928 4161 Am
1032 4112 1064 4161 17
1090 4101 1127 4161 ad
1145 4108 1289 4162 feturas:
1349 4093 1382 4148 J

168 4199 306 4252 aleturam
329 4197 356 4249 A
380 4197 416 4249 ad
439 4197 576 4251 secturam
601 4197 627 4250 V
696 4200 831 4251 autumno
856 4197 915 4249 AB
938 4197 1061 4250 autunno
1088 4196 1116 4249 P
1136 4200 1332 4252 auetunno
1368 4197 1381 4236 θ

240 4292 272 4339 18
300 4285 330 4336 in
358 4302 471 4353 campos
491 4287 550 4339 AB
577 4287 607 4340 in
634 4304 731 4354 campo
761 4287 786 4339 V
865 4287 957 4340 hircos
981 4286 1036 4339 VB
1061 4286 1148 4354 hycos
1169 4287 1197 4338 A
1335 4273 1381 4321 ¹9

167 4374 295 4442 concepit
312 4391 328 4425 o
348 4374 470 4443 concipit
489 4377 579 4430 PAR
604 4356 618 4381 ⁸
651 4382 685 4430 20
704 4376 769 4429 hedi
789 4378 816 4429 A
885 4394 946 4429 cum
966 4378 1030 4428 sunt
1049 4375 1231 4429 Schneideruo
1248 4371 1382 4427 0⁰¹⁰

166 4465 222 4520 sint
244 4465 331 4518 VAB
404 4464 604 4517 submittuntur
628 4463 715 4536 VAB
