<?xml version="1.0" encoding="UTF-8"?>
<!DOCTYPE html PUBLIC "-//W3C//DTD XHTML 1.0 Transitional//EN"
    "http://www.w3.org/TR/xhtml1/DTD/xhtml1-transitional.dtd">
<html xmlns="http://www.w3.org/1999/xhtml" xml:lang="en" lang="en">
 <head>
  <title>
</title>
<meta http-equiv="Content-Type" content="text/html;charset=utf-8" />
  <meta name='ocr-system' content='tesseract 3.04.00' />
  <meta name='ocr-capabilities' content='ocr_page ocr_carea ocr_par ocr_line ocrx_word'/>
</head>
<body>
  <div class='ocr_page' id='page_1' title='image "./mporcicatonisde01keilgoog_0174.png"; bbox 0 0 3000 5026; ppageno 0'>
   <div class='ocr_carea' id='block_1_1' title="bbox 414 316 1310 386">
    <p class='ocr_par' dir='ltr' id='par_1_1' title="bbox 414 316 1310 386">
     <span class='ocr_line' id='line_1_1' title="bbox 414 316 1310 386; baseline -0.001 -8"><span class='ocrx_word' id='word_1_1' title='bbox 414 322 543 378; x_wconf 83' lang='lat' dir='ltr'>RERVM</span> <span class='ocrx_word' id='word_1_2' title='bbox 561 321 795 378; x_wconf 75' lang='lat' dir='ltr'><strong>Rvsulcanvlu</strong></span> <span class='ocrx_word' id='word_1_3' title='bbox 812 322 879 378; x_wconf 85' lang='lat' dir='ltr'><strong>LlB.</strong></span> <span class='ocrx_word' id='word_1_4' title='bbox 898 321 911 374; x_wconf 96' lang='lat' dir='ltr'>I</span> <span class='ocrx_word' id='word_1_5' title='bbox 932 316 1052 374; x_wconf 85' lang='lat'>13-15</span> <span class='ocrx_word' id='word_1_6' title='bbox 1246 322 1310 386; x_wconf 87' lang='grc'><strong>149</strong></span> 
     </span>
    </p>
   </div>
   <div class='ocr_carea' id='block_1_2' title="bbox 114 489 1368 2706">
    <p class='ocr_par' dir='ltr' id='par_1_2' title="bbox 114 489 1368 2706">
     <span class='ocr_line' id='line_1_2' title="bbox 168 489 1309 572; baseline -0.004 -18"><span class='ocrx_word' id='word_1_7' title='bbox 168 511 225 572; x_wconf 90' lang='lat' dir='ltr'><strong>que</strong></span> <span class='ocrx_word' id='word_1_8' title='bbox 254 493 368 572; x_wconf 83' lang='lat' dir='ltr'><strong>species</strong></span> <span class='ocrx_word' id='word_1_9' title='bbox 385 490 485 557; x_wconf 77' lang='lat' dir='ltr'><strong>‚babet</strong></span> <span class='ocrx_word' id='word_1_10' title='bbox 507 489 617 569; x_wconf 88' lang='lat' dir='ltr'><strong>plures.</strong></span> <span class='ocrx_word' id='word_1_11' title='bbox 662 491 793 569; x_wconf 89' lang='lat' dir='ltr'><strong>primum</strong></span> <span class='ocrx_word' id='word_1_12' title='bbox 816 489 949 550; x_wconf 90' lang='lat' dir='ltr'><strong>naturale</strong></span> <span class='ocrx_word' id='word_1_13' title='bbox 973 491 1201 570; x_wconf 86' lang='lat' dir='ltr'><strong>saepimeutum‚</strong></span> <span class='ocrx_word' id='word_1_14' title='bbox 1230 489 1309 568; x_wconf 87' lang='lat' dir='ltr'><strong>quod</strong></span> 
     </span>
     <span class='ocr_line' id='line_1_3' title="bbox 167 595 1310 678; baseline -0.002 -19"><span class='ocrx_word' id='word_1_15' title='bbox 167 601 268 678; x_wconf 81' lang='lat' dir='ltr'><strong>opseri</strong></span> <span class='ocrx_word' id='word_1_16' title='bbox 299 596 375 659; x_wconf 88' lang='lat' dir='ltr'><strong>solet</strong></span> <span class='ocrx_word' id='word_1_17' title='bbox 402 597 537 677; x_wconf 89' lang='lat' dir='ltr'><strong>virgultis</strong></span> <span class='ocrx_word' id='word_1_18' title='bbox 565 604 617 658; x_wconf 89' lang='lat' dir='ltr'><strong>aut</strong></span> <span class='ocrx_word' id='word_1_19' title='bbox 644 598 753 677; x_wconf 84' lang='lat' dir='ltr'><strong>spinis,</strong></span> <span class='ocrx_word' id='word_1_20' title='bbox 786 597 865 675; x_wconf 89' lang='lat' dir='ltr'><strong>quod</strong></span> <span class='ocrx_word' id='word_1_21' title='bbox 892 596 981 658; x_wconf 87' lang='lat' dir='ltr'><strong>habet</strong></span> <span class='ocrx_word' id='word_1_22' title='bbox 1008 596 1124 656; x_wconf 81' lang='lat' dir='ltr'><strong>radices</strong></span> <span class='ocrx_word' id='word_1_23' title='bbox 1151 615 1185 656; x_wconf 87' lang='lat' dir='ltr'><strong>ac</strong></span> <span class='ocrx_word' id='word_1_24' title='bbox 1214 595 1310 674; x_wconf 88' lang='lat' dir='ltr'><strong>[vivae</strong></span> 
     </span>
     <span class='ocr_line' id='line_1_4' title="bbox 168 703 1335 785; baseline -0.002 -19"><span class='ocrx_word' id='word_1_25' title='bbox 168 703 277 784; x_wconf 88' lang='lat' dir='ltr'><strong>saepis]</strong></span> <span class='ocrx_word' id='word_1_26' title='bbox 297 705 515 785; x_wconf 87' lang='lat' dir='ltr'><strong>praetereuntis</strong></span> <span class='ocrx_word' id='word_1_27' title='bbox 534 704 635 765; x_wconf 87' lang='lat' dir='ltr'><strong>lascivi</strong></span> <span class='ocrx_word' id='word_1_28' title='bbox 656 721 715 764; x_wconf 92' lang='lat' dir='ltr'><strong>non</strong></span> <span class='ocrx_word' id='word_1_29' title='bbox 734 711 847 765; x_wconf 91' lang='lat' dir='ltr'><strong>metuet</strong></span> <span class='ocrx_word' id='word_1_30' title='bbox 866 704 959 765; x_wconf 86' lang='lat' dir='ltr'><strong>facem</strong></span> <span class='ocrx_word' id='word_1_31' title='bbox 977 703 1139 764; x_wconf 81' lang='lat' dir='ltr'><strong>ardentem.</strong></span> <span class='ocrx_word' id='word_1_32' title='bbox 1177 704 1335 764; x_wconf 71' lang='lat' dir='ltr'><strong>secundat</strong></span> 
     </span>
     <span class='ocr_line' id='line_1_5' title="bbox 168 810 1311 890; baseline 0 -19"><span class='ocrx_word' id='word_1_33' title='bbox 168 830 253 890; x_wconf 89' lang='lat' dir='ltr'><strong>saeps</strong></span> <span class='ocrx_word' id='word_1_34' title='bbox 282 819 327 872; x_wconf 90' lang='lat' dir='ltr'><strong>est</strong></span> <span class='ocrx_word' id='word_1_35' title='bbox 354 812 481 890; x_wconf 87' lang='lat' dir='ltr'><strong>agrestis</strong></span> <span class='ocrx_word' id='word_1_36' title='bbox 509 830 525 871; x_wconf 93' lang='lat' dir='ltr'><strong>e</strong></span> <span class='ocrx_word' id='word_1_37' title='bbox 553 810 645 889; x_wconf 89' lang='lat' dir='ltr'><strong>ligno,</strong></span> <span class='ocrx_word' id='word_1_38' title='bbox 674 811 727 871; x_wconf 91' lang='lat' dir='ltr'><strong>sed</strong></span> <span class='ocrx_word' id='word_1_39' title='bbox 755 829 813 871; x_wconf 95' lang='lat' dir='ltr'><strong>non</strong></span> <span class='ocrx_word' id='word_1_40' title='bbox 842 812 925 873; x_wconf 87' lang='lat' dir='ltr'><strong>vivit:</strong></span> <span class='ocrx_word' id='word_1_41' title='bbox 955 812 988 871; x_wconf 89' lang='lat' dir='ltr'><strong>tlt</strong></span> <span class='ocrx_word' id='word_1_42' title='bbox 1015 817 1066 872; x_wconf 89' lang='lat' dir='ltr'><strong>aut</strong></span> <span class='ocrx_word' id='word_1_43' title='bbox 1093 811 1168 890; x_wconf 89' lang='lat' dir='ltr'><strong>palis</strong></span> <span class='ocrx_word' id='word_1_44' title='bbox 1191 813 1311 871; x_wconf 89' lang='lat' dir='ltr'><strong>statutis</strong></span> 
     </span>
     <span class='ocr_line' id='line_1_6' title="bbox 124 916 1309 998; baseline -0.003 -18"><span class='ocrx_word' id='word_1_45' title='bbox 124 931 152 970; x_wconf 87' lang='lat'>⁵</span> <span class='ocrx_word' id='word_1_46' title='bbox 167 919 282 980; x_wconf 83' lang='lat' dir='ltr'><strong>crebris</strong></span> <span class='ocrx_word' id='word_1_47' title='bbox 307 916 350 995; x_wconf 89' lang='lat' dir='ltr'><strong>[e]</strong></span> <span class='ocrx_word' id='word_1_48' title='bbox 375 916 511 995; x_wconf 86' lang='lat' dir='ltr'><strong>virgultis</strong></span> <span class='ocrx_word' id='word_1_49' title='bbox 534 917 682 995; x_wconf 82' lang='lat' dir='ltr'><strong>inplicatis</strong></span> <span class='ocrx_word' id='word_1_50' title='bbox 705 924 757 978; x_wconf 92' lang='lat' dir='ltr'><strong>aut</strong></span> <span class='ocrx_word' id='word_1_51' title='bbox 780 917 847 978; x_wconf 91' lang='lat' dir='ltr'><strong>latis</strong></span> <span class='ocrx_word' id='word_1_52' title='bbox 869 919 1028 995; x_wconf 81' lang='lat' dir='ltr'><strong>perforatis</strong></span> <span class='ocrx_word' id='word_1_53' title='bbox 1052 927 1082 979; x_wconf 92' lang='lat' dir='ltr'><strong>et</strong></span> <span class='ocrx_word' id='word_1_54' title='bbox 1104 936 1158 998; x_wconf 90' lang='lat' dir='ltr'><strong>per</strong></span> <span class='ocrx_word' id='word_1_55' title='bbox 1182 937 1216 978; x_wconf 89' lang='lat' dir='ltr'><strong>ea</strong></span> <span class='ocrx_word' id='word_1_56' title='bbox 1234 918 1309 978; x_wconf 93' lang='lat' dir='ltr'><strong>fora-</strong></span> 
     </span>
     <span class='ocr_line' id='line_1_7' title="bbox 167 1021 1310 1102; baseline -0.001 -17"><span class='ocrx_word' id='word_1_57' title='bbox 167 1027 245 1086; x_wconf 89' lang='lat' dir='ltr'><strong>mina</strong></span> <span class='ocrx_word' id='word_1_58' title='bbox 278 1026 410 1085; x_wconf 89' lang='lat' dir='ltr'><strong>traiectis</strong></span> <span class='ocrx_word' id='word_1_59' title='bbox 442 1021 575 1102; x_wconf 88' lang='lat' dir='ltr'><strong>longuris</strong></span> <span class='ocrx_word' id='word_1_60' title='bbox 608 1024 670 1083; x_wconf 92' lang='lat' dir='ltr'><strong>fere</strong></span> <span class='ocrx_word' id='word_1_61' title='bbox 703 1022 781 1083; x_wconf 89' lang='lat' dir='ltr'><strong>binis</strong></span> <span class='ocrx_word' id='word_1_62' title='bbox 809 1030 859 1084; x_wconf 89' lang='lat' dir='ltr'><strong>aut</strong></span> <span class='ocrx_word' id='word_1_63' title='bbox 888 1027 982 1085; x_wconf 90' lang='lat' dir='ltr'><strong>ternis</strong></span> <span class='ocrx_word' id='word_1_64' title='bbox 1009 1033 1060 1086; x_wconf 91' lang='lat' dir='ltr'><strong>aut</strong></span> <span class='ocrx_word' id='word_1_65' title='bbox 1089 1043 1125 1085; x_wconf 83' lang='lat' dir='ltr'><strong>ex</strong></span> <span class='ocrx_word' id='word_1_66' title='bbox 1153 1024 1310 1085; x_wconf 81' lang='lat' dir='ltr'><strong>arboribus</strong></span> 
     </span>
     <span class='ocr_line' id='line_1_8' title="bbox 166 1129 1309 1209; baseline -0.003 -16"><span class='ocrx_word' id='word_1_67' title='bbox 166 1133 281 1193; x_wconf 90' lang='lat' dir='ltr'><strong>truncis</strong></span> <span class='ocrx_word' id='word_1_68' title='bbox 305 1131 442 1191; x_wconf 90' lang='lat' dir='ltr'><strong>demissis</strong></span> <span class='ocrx_word' id='word_1_69' title='bbox 464 1132 496 1190; x_wconf 92' lang='lat' dir='ltr'><strong>in</strong></span> <span class='ocrx_word' id='word_1_70' title='bbox 519 1139 630 1191; x_wconf 86' lang='lat' dir='ltr'><strong>terram</strong></span> <span class='ocrx_word' id='word_1_71' title='bbox 653 1129 793 1209; x_wconf 86' lang='lat' dir='ltr'><strong>deinceps</strong></span> <span class='ocrx_word' id='word_1_72' title='bbox 817 1133 996 1192; x_wconf 87' lang='lat' dir='ltr'><strong>constitutis.</strong></span> <span class='ocrx_word' id='word_1_73' title='bbox 1042 1133 1163 1193; x_wconf 89' lang='lat' dir='ltr'><strong>tertium</strong></span> <span class='ocrx_word' id='word_1_74' title='bbox 1183 1131 1309 1191; x_wconf 88' lang='lat' dir='ltr'><strong>militare</strong></span> 
     </span>
     <span class='ocr_line' id='line_1_9' title="bbox 167 1236 1309 1318; baseline -0.002 -19"><span class='ocrx_word' id='word_1_75' title='bbox 167 1240 380 1316; x_wconf 86' lang='lat' dir='ltr'><strong>saepimentuur</strong></span> <span class='ocrx_word' id='word_1_76' title='bbox 409 1248 455 1298; x_wconf 88' lang='lat' dir='ltr'><strong>est</strong></span> <span class='ocrx_word' id='word_1_77' title='bbox 483 1236 560 1297; x_wconf 88' lang='lat' dir='ltr'><strong>fossa</strong></span> <span class='ocrx_word' id='word_1_78' title='bbox 589 1243 619 1296; x_wconf 91' lang='lat' dir='ltr'><strong>et</strong></span> <span class='ocrx_word' id='word_1_79' title='bbox 647 1244 764 1296; x_wconf 89' lang='lat' dir='ltr'><strong>terreus</strong></span> <span class='ocrx_word' id='word_1_80' title='bbox 792 1255 888 1316; x_wconf 84' lang='lat' dir='ltr'><strong>agger.</strong></span> <span class='ocrx_word' id='word_1_81' title='bbox 941 1237 993 1297; x_wconf 88' lang='lat' dir='ltr'><strong>sed</strong></span> <span class='ocrx_word' id='word_1_82' title='bbox 1021 1238 1099 1298; x_wconf 89' lang='lat' dir='ltr'><strong>fossa</strong></span> <span class='ocrx_word' id='word_1_83' title='bbox 1126 1239 1167 1298; x_wconf 91' lang='lat' dir='ltr'><strong>ita</strong></span> <span class='ocrx_word' id='word_1_84' title='bbox 1194 1237 1309 1318; x_wconf 85' lang='lat' dir='ltr'><strong>idonea,</strong></span> 
     </span>
     <span class='ocr_line' id='line_1_10' title="bbox 166 1342 1309 1423; baseline -0.003 -17"><span class='ocrx_word' id='word_1_85' title='bbox 166 1348 190 1406; x_wconf 93' lang='lat' dir='ltr'><strong>si</strong></span> <span class='ocrx_word' id='word_1_86' title='bbox 209 1363 328 1405; x_wconf 89' lang='lat' dir='ltr'><strong>omnem</strong></span> <span class='ocrx_word' id='word_1_87' title='bbox 346 1362 462 1423; x_wconf 85' lang='lat' dir='ltr'><strong>aquam,</strong></span> <span class='ocrx_word' id='word_1_88' title='bbox 481 1361 556 1421; x_wconf 91' lang='lat' dir='ltr'><strong>quae</strong></span> <span class='ocrx_word' id='word_1_89' title='bbox 576 1361 591 1402; x_wconf 90' lang='lat' dir='ltr'><strong>e</strong></span> <span class='ocrx_word' id='word_1_90' title='bbox 611 1342 692 1403; x_wconf 89' lang='lat' dir='ltr'><strong>caelo</strong></span> <span class='ocrx_word' id='word_1_91' title='bbox 712 1344 800 1422; x_wconf 85' lang='lat' dir='ltr'><strong>venit,</strong></span> <span class='ocrx_word' id='word_1_92' title='bbox 819 1344 953 1423; x_wconf 87' lang='lat' dir='ltr'><strong>recipere</strong></span> <span class='ocrx_word' id='word_1_93' title='bbox 972 1351 1071 1423; x_wconf 90' lang='lat' dir='ltr'><strong>potest</strong></span> <span class='ocrx_word' id='word_1_94' title='bbox 1090 1352 1141 1404; x_wconf 88' lang='lat' dir='ltr'><strong>aut</strong></span> <span class='ocrx_word' id='word_1_95' title='bbox 1160 1345 1309 1423; x_wconf 79' lang='lat' dir='ltr'><strong>fastigium</strong></span> 
     </span>
     <span class='ocr_line' id='line_1_11' title="bbox 116 1448 1334 1532; baseline -0.002 -20"><span class='ocrx_word' id='word_1_96' title='bbox 116 1465 147 1502; x_wconf 90' lang='lat'>0</span> <span class='ocrx_word' id='word_1_97' title='bbox 166 1451 262 1532; x_wconf 87' lang='lat' dir='ltr'><strong>babet,</strong></span> <span class='ocrx_word' id='word_1_98' title='bbox 286 1453 320 1512; x_wconf 92' lang='lat' dir='ltr'><strong>ut</strong></span> <span class='ocrx_word' id='word_1_99' title='bbox 342 1459 427 1510; x_wconf 81' lang='lat' dir='ltr'><strong>exeat</strong></span> <span class='ocrx_word' id='word_1_100' title='bbox 450 1468 466 1509; x_wconf 93' lang='lat' dir='ltr'><strong>e</strong></span> <span class='ocrx_word' id='word_1_101' title='bbox 490 1449 590 1510; x_wconf 88' lang='lat' dir='ltr'><strong>fundo.</strong></span> <span class='ocrx_word' id='word_1_102' title='bbox 630 1468 724 1528; x_wconf 84' lang='lat' dir='ltr'><strong>agger</strong></span> <span class='ocrx_word' id='word_1_103' title='bbox 743 1451 769 1510; x_wconf 92' lang='lat' dir='ltr'><strong>is</strong></span> <span class='ocrx_word' id='word_1_104' title='bbox 788 1448 893 1531; x_wconf 76' lang='lat' dir='ltr'><strong>bonuS,</strong></span> <span class='ocrx_word' id='word_1_105' title='bbox 916 1453 968 1530; x_wconf 85' lang='lat' dir='ltr'><strong>qui</strong></span> <span class='ocrx_word' id='word_1_106' title='bbox 985 1453 1166 1511; x_wconf 88' lang='lat' dir='ltr'><strong>intrinsecus</strong></span> <span class='ocrx_word' id='word_1_107' title='bbox 1185 1453 1334 1512; x_wconf 87' lang='lat' dir='ltr'><strong>iunctus3</strong></span> 
     </span>
     <span class='ocr_line' id='line_1_12' title="bbox 166 1556 1311 1637; baseline -0.002 -17"><span class='ocrx_word' id='word_1_108' title='bbox 166 1561 243 1620; x_wconf 91' lang='lat' dir='ltr'><strong>fossa</strong></span> <span class='ocrx_word' id='word_1_109' title='bbox 271 1565 324 1618; x_wconf 91' lang='lat' dir='ltr'><strong>aut</strong></span> <span class='ocrx_word' id='word_1_110' title='bbox 351 1560 390 1617; x_wconf 92' lang='lat' dir='ltr'><strong>ita</strong></span> <span class='ocrx_word' id='word_1_111' title='bbox 419 1556 543 1637; x_wconf 83' lang='lat' dir='ltr'><strong>arduus,</strong></span> <span class='ocrx_word' id='word_1_112' title='bbox 572 1563 605 1615; x_wconf 94' lang='lat' dir='ltr'><strong>ut</strong></span> <span class='ocrx_word' id='word_1_113' title='bbox 634 1575 702 1617; x_wconf 89' lang='lat' dir='ltr'><strong>eum</strong></span> <span class='ocrx_word' id='word_1_114' title='bbox 726 1557 938 1617; x_wconf 89' lang='lat' dir='ltr'><strong>transcendere</strong></span> <span class='ocrx_word' id='word_1_115' title='bbox 967 1576 1026 1617; x_wconf 96' lang='lat' dir='ltr'><strong>non</strong></span> <span class='ocrx_word' id='word_1_116' title='bbox 1054 1560 1092 1618; x_wconf 88' lang='lat' dir='ltr'><strong>sit</strong></span> <span class='ocrx_word' id='word_1_117' title='bbox 1115 1557 1209 1636; x_wconf 86' lang='lat' dir='ltr'><strong>facile.</strong></span> <span class='ocrx_word' id='word_1_118' title='bbox 1255 1556 1311 1618; x_wconf 88' lang='lat' dir='ltr'><strong>boc</strong></span> 
     </span>
     <span class='ocr_line' id='line_1_13' title="bbox 166 1664 1311 1746; baseline -0.002 -20"><span class='ocrx_word' id='word_1_119' title='bbox 166 1684 260 1746; x_wconf 90' lang='lat' dir='ltr'><strong>genus</strong></span> <span class='ocrx_word' id='word_1_120' title='bbox 294 1683 396 1742; x_wconf 88' lang='lat' dir='ltr'><strong>saepes</strong></span> <span class='ocrx_word' id='word_1_121' title='bbox 424 1664 490 1724; x_wconf 84' lang='lat' dir='ltr'><strong>fieri</strong></span> <span class='ocrx_word' id='word_1_122' title='bbox 518 1665 682 1725; x_wconf 89' lang='lat' dir='ltr'><strong>secundum</strong></span> <span class='ocrx_word' id='word_1_123' title='bbox 714 1667 774 1724; x_wconf 88' lang='lat' dir='ltr'><strong>vias</strong></span> <span class='ocrx_word' id='word_1_124' title='bbox 802 1664 936 1743; x_wconf 89' lang='lat' dir='ltr'><strong>publicas</strong></span> <span class='ocrx_word' id='word_1_125' title='bbox 967 1664 1063 1725; x_wconf 89' lang='lat' dir='ltr'><strong>solent</strong></span> <span class='ocrx_word' id='word_1_126' title='bbox 1091 1672 1121 1725; x_wconf 90' lang='lat' dir='ltr'><strong>et</strong></span> <span class='ocrx_word' id='word_1_127' title='bbox 1148 1664 1311 1725; x_wconf 89' lang='lat' dir='ltr'><strong>secundum</strong></span> 
     </span>
     <span class='ocr_line' id='line_1_14' title="bbox 166 1770 1313 1850; baseline -0.002 -17"><span class='ocrx_word' id='word_1_128' title='bbox 166 1791 275 1834; x_wconf 89' lang='lat' dir='ltr'><strong>amnas.</strong></span> <span class='ocrx_word' id='word_1_129' title='bbox 321 1771 357 1831; x_wconf 93' lang='lat' dir='ltr'><strong>ad</strong></span> <span class='ocrx_word' id='word_1_130' title='bbox 385 1771 462 1830; x_wconf 88' lang='lat' dir='ltr'><strong>viam</strong></span> <span class='ocrx_word' id='word_1_131' title='bbox 489 1770 625 1831; x_wconf 88' lang='lat' dir='ltr'><strong>salariam</strong></span> <span class='ocrx_word' id='word_1_132' title='bbox 652 1772 682 1830; x_wconf 92' lang='lat' dir='ltr'><strong>in</strong></span> <span class='ocrx_word' id='word_1_133' title='bbox 712 1790 783 1850; x_wconf 91' lang='lat' dir='ltr'><strong>agro</strong></span> <span class='ocrx_word' id='word_1_134' title='bbox 807 1770 998 1832; x_wconf 86' lang='lat' dir='ltr'><strong>Crustumino</strong></span> <span class='ocrx_word' id='word_1_135' title='bbox 1022 1772 1122 1831; x_wconf 88' lang='lat' dir='ltr'><strong>videro</strong></span> <span class='ocrx_word' id='word_1_136' title='bbox 1145 1771 1216 1832; x_wconf 89' lang='lat' dir='ltr'><strong>licet</strong></span> <span class='ocrx_word' id='word_1_137' title='bbox 1238 1771 1313 1832; x_wconf 92' lang='lat' dir='ltr'><strong>locis</strong></span> 
     </span>
     <span class='ocr_line' id='line_1_15' title="bbox 166 1878 1310 1959; baseline -0.001 -20"><span class='ocrx_word' id='word_1_138' title='bbox 166 1880 277 1959; x_wconf 89' lang='lat' dir='ltr'><strong>abquot</strong></span> <span class='ocrx_word' id='word_1_139' title='bbox 305 1879 480 1938; x_wconf 92' lang='lat' dir='ltr'><strong>coniunctos</strong></span> <span class='ocrx_word' id='word_1_140' title='bbox 508 1895 631 1957; x_wconf 87' lang='lat' dir='ltr'><strong>aggeres</strong></span> <span class='ocrx_word' id='word_1_141' title='bbox 659 1896 727 1939; x_wconf 90' lang='lat' dir='ltr'><strong>cum</strong></span> <span class='ocrx_word' id='word_1_142' title='bbox 756 1879 858 1959; x_wconf 86' lang='lat' dir='ltr'><strong>fossis,</strong></span> <span class='ocrx_word' id='word_1_143' title='bbox 886 1897 923 1938; x_wconf 92' lang='lat' dir='ltr'><strong>ne</strong></span> <span class='ocrx_word' id='word_1_144' title='bbox 951 1878 1062 1939; x_wconf 89' lang='lat' dir='ltr'><strong>flumen</strong></span> <span class='ocrx_word' id='word_1_145' title='bbox 1090 1881 1169 1958; x_wconf 88' lang='lat' dir='ltr'><strong>agris</strong></span> <span class='ocrx_word' id='word_1_146' title='bbox 1197 1885 1310 1939; x_wconf 89' lang='lat' dir='ltr'><strong>noceat.</strong></span> 
     </span>
     <span class='ocr_line' id='line_1_16' title="bbox 114 1985 1310 2066; baseline -0.003 -19"><span class='ocrx_word' id='word_1_147' title='bbox 114 1994 144 2034; x_wconf 84' lang='lat'>5</span> <span class='ocrx_word' id='word_1_148' title='bbox 166 2004 288 2066; x_wconf 78' lang='lat' dir='ltr'><strong>aggeres</strong></span> <span class='ocrx_word' id='word_1_149' title='bbox 313 1985 425 2045; x_wconf 88' lang='lat' dir='ltr'><strong>faciunt</strong></span> <span class='ocrx_word' id='word_1_150' title='bbox 448 1987 512 2044; x_wconf 92' lang='lat' dir='ltr'><strong>sine</strong></span> <span class='ocrx_word' id='word_1_151' title='bbox 536 1985 627 2046; x_wconf 88' lang='lat' dir='ltr'><strong>fossa:</strong></span> <span class='ocrx_word' id='word_1_152' title='bbox 651 2003 702 2045; x_wconf 91' lang='lat' dir='ltr'><strong>eos</strong></span> <span class='ocrx_word' id='word_1_153' title='bbox 727 1985 846 2064; x_wconf 89' lang='lat' dir='ltr'><strong>quidam</strong></span> <span class='ocrx_word' id='word_1_154' title='bbox 870 1993 976 2046; x_wconf 88' lang='lat' dir='ltr'><strong>vocant</strong></span> <span class='ocrx_word' id='word_1_155' title='bbox 999 2004 1110 2066; x_wconf 86' lang='lat' dir='ltr'><strong>muros,</strong></span> <span class='ocrx_word' id='word_1_156' title='bbox 1133 1992 1168 2045; x_wconf 89' lang='lat' dir='ltr'><strong>ut</strong></span> <span class='ocrx_word' id='word_1_157' title='bbox 1189 1986 1220 2046; x_wconf 94' lang='lat' dir='ltr'><strong>in</strong></span> <span class='ocrx_word' id='word_1_158' title='bbox 1240 2003 1310 2063; x_wconf 91' lang='lat' dir='ltr'><strong>agro</strong></span> 
     </span>
     <span class='ocr_line' id='line_1_17' title="bbox 165 2091 1335 2173; baseline -0.002 -19"><span class='ocrx_word' id='word_1_159' title='bbox 165 2093 297 2154; x_wconf 87' lang='lat' dir='ltr'><strong>Reatino.</strong></span> <span class='ocrx_word' id='word_1_160' title='bbox 343 2100 482 2171; x_wconf 86' lang='lat' dir='ltr'><strong>quartum</strong></span> <span class='ocrx_word' id='word_1_161' title='bbox 505 2091 609 2152; x_wconf 85' lang='lat' dir='ltr'><strong>fabrile</strong></span> <span class='ocrx_word' id='word_1_162' title='bbox 632 2095 847 2171; x_wconf 88' lang='lat' dir='ltr'><strong>saepimentum</strong></span> <span class='ocrx_word' id='word_1_163' title='bbox 871 2101 917 2153; x_wconf 88' lang='lat' dir='ltr'><strong>est</strong></span> <span class='ocrx_word' id='word_1_164' title='bbox 939 2095 1146 2173; x_wconf 83' lang='lat' dir='ltr'><strong>novissimum,</strong></span> <span class='ocrx_word' id='word_1_165' title='bbox 1169 2095 1335 2153; x_wconf 82' lang='lat' dir='ltr'><strong>maceriat</strong></span> 
     </span>
     <span class='ocr_line' id='line_1_18' title="bbox 166 2199 1309 2281; baseline 0 -22"><span class='ocrx_word' id='word_1_166' title='bbox 166 2201 253 2261; x_wconf 91' lang='lat' dir='ltr'><strong>buius</strong></span> <span class='ocrx_word' id='word_1_167' title='bbox 286 2200 347 2258; x_wconf 88' lang='lat' dir='ltr'><strong>fere</strong></span> <span class='ocrx_word' id='word_1_168' title='bbox 380 2201 496 2277; x_wconf 90' lang='lat' dir='ltr'><strong>species</strong></span> <span class='ocrx_word' id='word_1_169' title='bbox 529 2206 683 2280; x_wconf 85' lang='lat' dir='ltr'><strong>quattuor,</strong></span> <span class='ocrx_word' id='word_1_170' title='bbox 716 2199 796 2278; x_wconf 90' lang='lat' dir='ltr'><strong>quod</strong></span> <span class='ocrx_word' id='word_1_171' title='bbox 828 2200 903 2260; x_wconf 89' lang='lat' dir='ltr'><strong>liunt</strong></span> <span class='ocrx_word' id='word_1_172' title='bbox 931 2218 947 2259; x_wconf 94' lang='lat' dir='ltr'><strong>e</strong></span> <span class='ocrx_word' id='word_1_173' title='bbox 975 2199 1086 2281; x_wconf 84' lang='lat' dir='ltr'><strong>lapide,</strong></span> <span class='ocrx_word' id='word_1_174' title='bbox 1118 2208 1152 2260; x_wconf 92' lang='lat' dir='ltr'><strong>ut</strong></span> <span class='ocrx_word' id='word_1_175' title='bbox 1180 2201 1210 2259; x_wconf 92' lang='lat' dir='ltr'><strong>in</strong></span> <span class='ocrx_word' id='word_1_176' title='bbox 1239 2217 1309 2277; x_wconf 88' lang='lat' dir='ltr'><strong>agro</strong></span> 
     </span>
     <span class='ocr_line' id='line_1_19' title="bbox 166 2305 1310 2388; baseline 0 -22"><span class='ocrx_word' id='word_1_177' title='bbox 166 2305 347 2386; x_wconf 87' lang='lat' dir='ltr'><strong>Tusculano,</strong></span> <span class='ocrx_word' id='word_1_178' title='bbox 371 2306 490 2384; x_wconf 88' lang='lat' dir='ltr'><strong>quode</strong></span> <span class='ocrx_word' id='word_1_179' title='bbox 514 2305 657 2366; x_wconf 89' lang='lat' dir='ltr'><strong>lateribus</strong></span> <span class='ocrx_word' id='word_1_180' title='bbox 682 2306 853 2388; x_wconf 80' lang='lat' dir='ltr'><strong>coctilibus,</strong></span> <span class='ocrx_word' id='word_1_181' title='bbox 877 2309 963 2366; x_wconf 90' lang='lat' dir='ltr'><strong>utin</strong></span> <span class='ocrx_word' id='word_1_182' title='bbox 988 2325 1058 2385; x_wconf 91' lang='lat' dir='ltr'><strong>agro</strong></span> <span class='ocrx_word' id='word_1_183' title='bbox 1082 2306 1206 2386; x_wconf 86' lang='lat' dir='ltr'><strong>Gallico,</strong></span> <span class='ocrx_word' id='word_1_184' title='bbox 1229 2307 1310 2385; x_wconf 84' lang='lat' dir='ltr'><strong>quod</strong></span> 
     </span>
     <span class='ocr_line' id='line_1_20' title="bbox 167 2413 1310 2496; baseline 0.002 -24"><span class='ocrx_word' id='word_1_185' title='bbox 167 2433 182 2472; x_wconf 94' lang='lat' dir='ltr'><strong>e</strong></span> <span class='ocrx_word' id='word_1_186' title='bbox 211 2413 355 2474; x_wconf 87' lang='lat' dir='ltr'><strong>lateribus</strong></span> <span class='ocrx_word' id='word_1_187' title='bbox 383 2413 498 2494; x_wconf 84' lang='lat' dir='ltr'><strong>crudis,</strong></span> <span class='ocrx_word' id='word_1_188' title='bbox 528 2415 614 2474; x_wconf 92' lang='lat' dir='ltr'><strong>utin</strong></span> <span class='ocrx_word' id='word_1_189' title='bbox 638 2432 708 2493; x_wconf 90' lang='lat' dir='ltr'><strong>agro</strong></span> <span class='ocrx_word' id='word_1_190' title='bbox 732 2413 856 2496; x_wconf 82' lang='lat' dir='ltr'><strong>Sabino,</strong></span> <span class='ocrx_word' id='word_1_191' title='bbox 884 2415 963 2493; x_wconf 84' lang='lat' dir='ltr'><strong>quod</strong></span> <span class='ocrx_word' id='word_1_192' title='bbox 989 2421 1127 2474; x_wconf 83' lang='lat' dir='ltr'><strong>exterra</strong></span> <span class='ocrx_word' id='word_1_193' title='bbox 1151 2421 1181 2474; x_wconf 90' lang='lat' dir='ltr'><strong>et</strong></span> <span class='ocrx_word' id='word_1_194' title='bbox 1204 2413 1310 2492; x_wconf 89' lang='lat' dir='ltr'><strong>lapillis</strong></span> 
     </span>
     <span class='ocr_line' id='line_1_21' title="bbox 114 2518 1136 2600; baseline 0 -19"><span class='ocrx_word' id='word_1_195' title='bbox 114 2529 144 2567; x_wconf 90' lang='lat'>⁰</span> <span class='ocrx_word' id='word_1_196' title='bbox 167 2522 328 2600; x_wconf 88' lang='lat' dir='ltr'><strong>conpositis</strong></span> <span class='ocrx_word' id='word_1_197' title='bbox 351 2521 383 2580; x_wconf 93' lang='lat' dir='ltr'><strong>in</strong></span> <span class='ocrx_word' id='word_1_198' title='bbox 406 2518 522 2600; x_wconf 85' lang='lat' dir='ltr'><strong>formis,</strong></span> <span class='ocrx_word' id='word_1_199' title='bbox 545 2521 633 2579; x_wconf 90' lang='lat' dir='ltr'><strong>utin</strong></span> <span class='ocrx_word' id='word_1_200' title='bbox 656 2519 797 2598; x_wconf 90' lang='lat' dir='ltr'><strong>Hispania</strong></span> <span class='ocrx_word' id='word_1_201' title='bbox 820 2529 850 2581; x_wconf 91' lang='lat' dir='ltr'><strong>et</strong></span> <span class='ocrx_word' id='word_1_202' title='bbox 872 2539 943 2600; x_wconf 91' lang='lat' dir='ltr'><strong>agro</strong></span> <span class='ocrx_word' id='word_1_203' title='bbox 968 2521 1136 2581; x_wconf 86' lang='lat' dir='ltr'><strong>Tarentino.</strong></span> 
     </span>
     <span class='ocr_line' id='line_1_22' title="bbox 255 2626 1368 2706; baseline 0 -20"><span class='ocrx_word' id='word_1_204' title='bbox 255 2627 411 2687; x_wconf 91' lang='lat' dir='ltr'><strong>Praeterea</strong></span> <span class='ocrx_word' id='word_1_205' title='bbox 444 2626 509 2685; x_wconf 90' lang='lat' dir='ltr'><strong>sine</strong></span> <span class='ocrx_word' id='word_1_206' title='bbox 543 2626 652 2704; x_wconf 89' lang='lat' dir='ltr'><strong>saeptis</strong></span> <span class='ocrx_word' id='word_1_207' title='bbox 680 2627 754 2687; x_wconf 90' lang='lat' dir='ltr'><strong>lines</strong></span> <span class='ocrx_word' id='word_1_208' title='bbox 781 2627 885 2706; x_wconf 90' lang='lat' dir='ltr'><strong>praedi</strong></span> <span class='ocrx_word' id='word_1_209' title='bbox 912 2630 1034 2689; x_wconf 89' lang='lat' dir='ltr'><strong>sationis</strong></span> <span class='ocrx_word' id='word_1_210' title='bbox 1062 2630 1152 2700; x_wconf 89' lang='lat' dir='ltr'><strong>notis</strong></span> <span class='ocrx_word' id='word_1_211' title='bbox 1167 2627 1308 2689; x_wconf 89' lang='lat' dir='ltr'><strong>arborum</strong></span> <span class='ocrx_word' id='word_1_212' title='bbox 1318 2628 1368 2688; x_wconf 88' lang='lat' dir='ltr'><strong>XV</strong></span> 
     </span>
    </p>
   </div>
   <div class='ocr_carea' id='block_1_3' title="bbox 236 2813 977 2883">
    <p class='ocr_par' dir='ltr' id='par_1_3' title="bbox 236 2813 977 2883">
     <span class='ocr_line' id='line_1_23' title="bbox 236 2813 977 2883; baseline 0 -14"><span class='ocrx_word' id='word_1_213' title='bbox 236 2822 252 2870; x_wconf 83' lang='lat'>9</span> <span class='ocrx_word' id='word_1_214' title='bbox 272 2832 373 2883; x_wconf 87' lang='lat' dir='ltr'><strong>aquam</strong></span> <span class='ocrx_word' id='word_1_215' title='bbox 394 2832 466 2882; x_wconf 89' lang='lat' dir='ltr'><strong>quae</strong></span> <span class='ocrx_word' id='word_1_216' title='bbox 486 2833 500 2868; x_wconf 92' lang='lat' dir='ltr'><strong>e</strong></span> <span class='ocrx_word' id='word_1_217' title='bbox 520 2814 597 2868; x_wconf 86' lang='lat' dir='ltr'><strong>caelo</strong></span> <span class='ocrx_word' id='word_1_218' title='bbox 616 2813 694 2868; x_wconf 85' lang='lat' dir='ltr'><strong>venit</strong></span> <span class='ocrx_word' id='word_1_219' title='bbox 711 2815 784 2868; x_wconf 81' lang='lat' dir='ltr'><strong>Nou.</strong></span> <span class='ocrx_word' id='word_1_220' title='bbox 800 2832 830 2883; x_wconf 82' lang='lat' dir='ltr'><strong>p.</strong></span> <span class='ocrx_word' id='word_1_221' title='bbox 850 2819 977 2881; x_wconf 82' lang='lat'><em>302,12</em></span> 
     </span>
    </p>
   </div>
   <div class='ocr_carea' id='block_1_4' title="bbox 161 2989 1310 3509">
    <p class='ocr_par' dir='ltr' id='par_1_4' title="bbox 161 2989 1310 3509">
     <span class='ocr_line' id='line_1_24' title="bbox 236 2989 1309 3063; baseline -0.002 -15"><span class='ocrx_word' id='word_1_222' title='bbox 236 3000 253 3048; x_wconf 95' lang='grc'><strong>2</strong></span> <span class='ocrx_word' id='word_1_223' title='bbox 283 2992 374 3063; x_wconf 87' lang='lat' dir='ltr'><strong>opseri</strong></span> <span class='ocrx_word' id='word_1_224' title='bbox 396 2994 425 3047; x_wconf 94' lang='lat' dir='ltr'><strong><em>P</em></strong></span> <span class='ocrx_word' id='word_1_225' title='bbox 450 2990 541 3047; x_wconf 90' lang='lat' dir='ltr'><strong>obseri</strong></span> <span class='ocrx_word' id='word_1_226' title='bbox 564 2990 645 3044; x_wconf 87' lang='lat' dir='ltr'><strong>ABc</strong></span> <span class='ocrx_word' id='word_1_227' title='bbox 717 2989 799 3045; x_wconf 86' lang='lat' dir='ltr'><strong>vivae</strong></span> <span class='ocrx_word' id='word_1_228' title='bbox 828 2991 920 3059; x_wconf 87' lang='lat' dir='ltr'><strong>saepis</strong></span> <span class='ocrx_word' id='word_1_229' title='bbox 947 2991 1060 3044; x_wconf 79' lang='lat' dir='ltr'><strong>inclusit</strong></span> <span class='ocrx_word' id='word_1_230' title='bbox 1087 2991 1221 3045; x_wconf 80' lang='lat' dir='ltr'><strong>Gearteroe</strong></span> <span class='ocrx_word' id='word_1_231' title='bbox 1293 3000 1309 3046; x_wconf 87' lang='grc'><strong>3</strong></span> 
     </span>
     <span class='ocr_line' id='line_1_25' title="bbox 166 3079 1310 3154; baseline -0.005 -15"><span class='ocrx_word' id='word_1_232' title='bbox 166 3081 385 3154; x_wconf 79' lang='lat' dir='ltr'><strong>praeteereuntis</strong></span> <span class='ocrx_word' id='word_1_233' title='bbox 403 3082 430 3135; x_wconf 99' lang='grc' dir='ltr'><strong><em>Β</em></strong></span> <span class='ocrx_word' id='word_1_234' title='bbox 503 3079 625 3134; x_wconf 88' lang='lat' dir='ltr'><strong>secunda</strong></span> <span class='ocrx_word' id='word_1_235' title='bbox 647 3097 710 3150; x_wconf 86' lang='lat' dir='ltr'><strong>seps</strong></span> <span class='ocrx_word' id='word_1_236' title='bbox 728 3079 789 3135; x_wconf 91' lang='lat' dir='ltr'><strong>AB</strong></span> <span class='ocrx_word' id='word_1_237' title='bbox 813 3079 934 3133; x_wconf 88' lang='lat' dir='ltr'><strong>secunda</strong></span> <span class='ocrx_word' id='word_1_238' title='bbox 957 3096 1053 3148; x_wconf 85' lang='lat' dir='ltr'><strong>saepes</strong></span> <span class='ocrx_word' id='word_1_239' title='bbox 1078 3080 1104 3133; x_wconf 92' lang='lat' dir='ltr'><em>V</em></span> <span class='ocrx_word' id='word_1_240' title='bbox 1174 3084 1192 3132; x_wconf 83' lang='lat'>4</span> <span class='ocrx_word' id='word_1_241' title='bbox 1216 3080 1310 3135; x_wconf 85' lang='lat' dir='ltr'><strong>estex</strong></span> 
     </span>
     <span class='ocr_line' id='line_1_26' title="bbox 167 3169 1310 3243; baseline -0.003 -16"><span class='ocrx_word' id='word_1_242' title='bbox 167 3171 271 3243; x_wconf 80' lang='lat' dir='ltr'><strong>agresti</strong></span> <span class='ocrx_word' id='word_1_243' title='bbox 298 3169 392 3240; x_wconf 88' lang='lat' dir='ltr'><strong>eligno</strong></span> <span class='ocrx_word' id='word_1_244' title='bbox 414 3171 474 3224; x_wconf 92' lang='lat' dir='ltr'><strong>PB</strong></span> <span class='ocrx_word' id='word_1_245' title='bbox 501 3174 526 3224; x_wconf 85' lang='lat' dir='ltr'><strong>et</strong></span> <span class='ocrx_word' id='word_1_246' title='bbox 554 3185 569 3223; x_wconf 91' lang='lat' dir='ltr'><strong>e</strong></span> <span class='ocrx_word' id='word_1_247' title='bbox 597 3171 689 3224; x_wconf 77' lang='lat' dir='ltr'><strong>littera</strong></span> <span class='ocrx_word' id='word_1_248' title='bbox 715 3174 779 3225; x_wconf 80' lang='lat' dir='ltr'><strong>onte</strong></span> <span class='ocrx_word' id='word_1_249' title='bbox 806 3169 884 3240; x_wconf 88' lang='lat' dir='ltr'><strong>ligno</strong></span> <span class='ocrx_word' id='word_1_250' title='bbox 911 3169 998 3224; x_wconf 68' lang='lat' dir='ltr'><strong>deluo</strong></span> <span class='ocrx_word' id='word_1_251' title='bbox 1020 3169 1048 3222; x_wconf 98' lang='lat' dir='ltr'><strong><em>A</em></strong></span> <span class='ocrx_word' id='word_1_252' title='bbox 1076 3170 1120 3222; x_wconf 86' lang='lat' dir='ltr'><strong>est</strong></span> <span class='ocrx_word' id='word_1_253' title='bbox 1147 3185 1182 3222; x_wconf 86' lang='lat' dir='ltr'><strong>ex</strong></span> <span class='ocrx_word' id='word_1_254' title='bbox 1204 3169 1310 3238; x_wconf 81' lang='lat' dir='ltr'><strong>agresti</strong></span> 
     </span>
     <span class='ocr_line' id='line_1_27' title="bbox 166 3256 1309 3331; baseline -0.003 -15"><span class='ocrx_word' id='word_1_255' title='bbox 166 3261 242 3331; x_wconf 85' lang='lat' dir='ltr'><strong>ligno</strong></span> <span class='ocrx_word' id='word_1_256' title='bbox 261 3278 307 3315; x_wconf 84' lang='lat' dir='ltr'><strong>mo</strong></span> <span class='ocrx_word' id='word_1_257' title='bbox 380 3266 395 3313; x_wconf 83' lang='lat'>5</span> <span class='ocrx_word' id='word_1_258' title='bbox 416 3274 431 3312; x_wconf 90' lang='lat' dir='ltr'><strong>e</strong></span> <span class='ocrx_word' id='word_1_259' title='bbox 450 3258 578 3329; x_wconf 86' lang='lat' dir='ltr'><strong>uirgultis</strong></span> <span class='ocrx_word' id='word_1_260' title='bbox 593 3256 684 3313; x_wconf 91' lang='lat' dir='ltr'><strong>PAB</strong></span> <span class='ocrx_word' id='word_1_261' title='bbox 707 3260 736 3314; x_wconf 89' lang='lat' dir='ltr'><strong>et</strong></span> <span class='ocrx_word' id='word_1_262' title='bbox 754 3256 885 3328; x_wconf 87' lang='lat' dir='ltr'><strong>uirgultis</strong></span> <span class='ocrx_word' id='word_1_263' title='bbox 899 3274 925 3312; x_wconf 86' lang='lat' dir='ltr'><em>m</em></span> <span class='ocrx_word' id='word_1_264' title='bbox 944 3274 977 3311; x_wconf 91' lang='lat' dir='ltr'><strong>ac</strong></span> <span class='ocrx_word' id='word_1_265' title='bbox 995 3256 1156 3327; x_wconf 88' lang='lat' dir='ltr'><strong>uirgultiso</strong></span> <span class='ocrx_word' id='word_1_266' title='bbox 1228 3258 1309 3327; x_wconf 92' lang='lat' dir='ltr'><strong>inpli-</strong></span> 
     </span>
     <span class='ocr_line' id='line_1_28' title="bbox 167 3345 1310 3419; baseline 0 -15"><span class='ocrx_word' id='word_1_267' title='bbox 167 3351 235 3405; x_wconf 84' lang='lat' dir='ltr'><strong>catis</strong></span> <span class='ocrx_word' id='word_1_268' title='bbox 257 3350 285 3404; x_wconf 92' lang='lat' dir='ltr'><strong><em>A</em></strong></span> <span class='ocrx_word' id='word_1_269' title='bbox 308 3347 460 3419; x_wconf 85' lang='lat' dir='ltr'><strong>implicatis</strong></span> <span class='ocrx_word' id='word_1_270' title='bbox 485 3349 544 3402; x_wconf 92' lang='lat' dir='ltr'><strong>PB</strong></span> <span class='ocrx_word' id='word_1_271' title='bbox 572 3346 716 3418; x_wconf 89' lang='lat' dir='ltr'><strong>implicitis</strong></span> <span class='ocrx_word' id='word_1_272' title='bbox 739 3365 755 3403; x_wconf 85' lang='lat' dir='ltr'><strong>o</strong></span> <span class='ocrx_word' id='word_1_273' title='bbox 780 3380 785 3389; x_wconf 93' lang='lat'>·</span> <span class='ocrx_word' id='word_1_274' title='bbox 828 3355 844 3402; x_wconf 88' lang='grc'>6</span> <span class='ocrx_word' id='word_1_275' title='bbox 871 3345 996 3401; x_wconf 90' lang='lat' dir='ltr'><strong>traiectis</strong></span> <span class='ocrx_word' id='word_1_276' title='bbox 1025 3347 1066 3400; x_wconf 82' lang='lat' dir='ltr'><strong>bis</strong></span> <span class='ocrx_word' id='word_1_277' title='bbox 1090 3349 1236 3417; x_wconf 68' lang='lat' dir='ltr'><strong>carptum,</strong></span> <span class='ocrx_word' id='word_1_278' title='bbox 1264 3351 1310 3404; x_wconf 86' lang='lat' dir='ltr'><strong>sed</strong></span> 
     </span>
     <span class='ocr_line' id='line_1_29' title="bbox 161 3436 1309 3509; baseline -0.003 -15"><span class='ocrx_word' id='word_1_279' title='bbox 161 3440 312 3509; x_wconf 78' lang='lat' dir='ltr'><strong>posteriore</strong></span> <span class='ocrx_word' id='word_1_280' title='bbox 339 3438 395 3492; x_wconf 88' lang='lat' dir='ltr'><strong>loco</strong></span> <span class='ocrx_word' id='word_1_281' title='bbox 423 3437 538 3492; x_wconf 82' lang='lat' dir='ltr'><strong>deletam</strong></span> <span class='ocrx_word' id='word_1_282' title='bbox 565 3442 603 3492; x_wconf 84' lang='lat' dir='ltr'><strong>est</strong></span> <span class='ocrx_word' id='word_1_283' title='bbox 629 3439 661 3492; x_wconf 78' lang='lat' dir='ltr'><strong>ia</strong></span> <span class='ocrx_word' id='word_1_284' title='bbox 683 3438 710 3489; x_wconf 88' lang='lat' dir='ltr'><strong><em>A</em></strong></span> <span class='ocrx_word' id='word_1_285' title='bbox 783 3436 907 3506; x_wconf 89' lang='lat' dir='ltr'><strong>longuris</strong></span> <span class='ocrx_word' id='word_1_286' title='bbox 933 3436 1024 3491; x_wconf 89' lang='lat' dir='ltr'><strong>PAB</strong></span> <span class='ocrx_word' id='word_1_287' title='bbox 1046 3437 1183 3506; x_wconf 84' lang='lat' dir='ltr'><strong>longuriis</strong></span> <span class='ocrx_word' id='word_1_288' title='bbox 1205 3453 1222 3491; x_wconf 83' lang='lat' dir='ltr'><strong>c</strong></span> <span class='ocrx_word' id='word_1_289' title='bbox 1294 3443 1309 3490; x_wconf 78' lang='lat'>7</span> 
     </span>
    </p>
   </div>
   <div class='ocr_carea' id='block_1_5' title="bbox 166 3537 1311 3810">
    <p class='ocr_par' dir='ltr' id='par_1_5' title="bbox 166 3537 1311 3810">
     <span class='ocr_line' id='line_1_30' title="bbox 166 3537 1311 3631; baseline -0.003 -15"><span class='ocrx_word' id='word_1_290' title='bbox 166 3561 280 3618; x_wconf 86' lang='lat' dir='ltr'><strong>demisis</strong></span> <span class='ocrx_word' id='word_1_291' title='bbox 294 3560 322 3617; x_wconf 92' lang='lat' dir='ltr'><strong><em>A</em></strong></span> <span class='ocrx_word' id='word_1_292' title='bbox 393 3559 551 3616; x_wconf 87' lang='lat' dir='ltr'><strong>terciumA</strong></span> <span class='ocrx_word' id='word_1_293' title='bbox 624 3537 752 3616; x_wconf 68' lang='lat' dir='ltr'><strong>8terbus</strong></span> <span class='ocrx_word' id='word_1_294' title='bbox 766 3560 795 3616; x_wconf 89' lang='lat' dir='ltr'><strong><em>A</em></strong></span> <span class='ocrx_word' id='word_1_295' title='bbox 866 3578 952 3630; x_wconf 83' lang='lat' dir='ltr'><strong>agger</strong></span> <span class='ocrx_word' id='word_1_296' title='bbox 970 3561 1074 3631; x_wconf 87' lang='lat' dir='ltr'><strong>Vager</strong></span> <span class='ocrx_word' id='word_1_297' title='bbox 1087 3562 1148 3617; x_wconf 91' lang='lat' dir='ltr'><strong>AB</strong></span> <span class='ocrx_word' id='word_1_298' title='bbox 1219 3567 1311 3628; x_wconf 71' lang='lat' dir='ltr'><strong>aqua</strong></span> 
     </span>
     <span class='ocr_line' id='line_1_31' title="bbox 167 3648 1311 3721; baseline -0.003 -15"><span class='ocrx_word' id='word_1_299' title='bbox 167 3653 243 3707; x_wconf 87' lang='lat' dir='ltr'><strong>coelo</strong></span> <span class='ocrx_word' id='word_1_300' title='bbox 257 3654 285 3707; x_wconf 98' lang='lat' dir='ltr'><strong><em>A</em></strong></span> <span class='ocrx_word' id='word_1_301' title='bbox 359 3657 392 3705; x_wconf 91' lang='lat'><strong>10</strong></span> <span class='ocrx_word' id='word_1_302' title='bbox 411 3667 426 3704; x_wconf 88' lang='lat' dir='ltr'><strong>a</strong></span> <span class='ocrx_word' id='word_1_303' title='bbox 445 3650 543 3721; x_wconf 89' lang='lat' dir='ltr'><strong>fundo]</strong></span> <span class='ocrx_word' id='word_1_304' title='bbox 563 3649 673 3705; x_wconf 84' lang='lat' dir='ltr'><strong>effundo</strong></span> <span class='ocrx_word' id='word_1_305' title='bbox 688 3650 716 3705; x_wconf 87' lang='lat' dir='ltr'><strong><em>A</em></strong></span> <span class='ocrx_word' id='word_1_306' title='bbox 787 3667 873 3719; x_wconf 86' lang='lat' dir='ltr'><strong>agger</strong></span> <span class='ocrx_word' id='word_1_307' title='bbox 891 3650 916 3703; x_wconf 93' lang='lat' dir='ltr'><strong>is</strong></span> <span class='ocrx_word' id='word_1_308' title='bbox 930 3652 1077 3706; x_wconf 73' lang='lat' dir='ltr'><strong>Iucundos</strong></span> <span class='ocrx_word' id='word_1_309' title='bbox 1091 3648 1202 3721; x_wconf 83' lang='lat' dir='ltr'><strong>aggeris</strong></span> <span class='ocrx_word' id='word_1_310' title='bbox 1222 3649 1311 3704; x_wconf 86' lang='lat' dir='ltr'><strong>VAB</strong></span> 
     </span>
     <span class='ocr_line' id='line_1_32' title="bbox 220 3737 1310 3810; baseline -0.004 -15"><span class='ocrx_word' id='word_1_311' title='bbox 220 3748 254 3795; x_wconf 84' lang='lat'><strong>12</strong></span> <span class='ocrx_word' id='word_1_312' title='bbox 275 3740 572 3810; x_wconf 87' lang='lat' dir='ltr'><strong>saepesPsepesAB</strong></span> <span class='ocrx_word' id='word_1_313' title='bbox 585 3737 699 3809; x_wconf 85' lang='lat' dir='ltr'><strong>saepisc</strong></span> <span class='ocrx_word' id='word_1_314' title='bbox 756 3745 789 3792; x_wconf 79' lang='lat'><strong>13</strong></span> <span class='ocrx_word' id='word_1_315' title='bbox 799 3739 1222 3796; x_wconf 86' lang='lat' dir='ltr'><strong>crustriminerrustiminom</strong></span> <span class='ocrx_word' id='word_1_316' title='bbox 1278 3744 1310 3791; x_wconf 89' lang='grc'><strong>14</strong></span> 
     </span>
    </p>
   </div>
   <div class='ocr_carea' id='block_1_6' title="bbox 167 3828 1380 4543">
    <p class='ocr_par' dir='ltr' id='par_1_6' title="bbox 167 3828 1380 3935">
     <span class='ocr_line' id='line_1_33' title="bbox 167 3828 1380 3935; baseline -0.002 -14"><span class='ocrx_word' id='word_1_317' title='bbox 167 3865 282 3935; x_wconf 84' lang='lat' dir='ltr'><strong>aliquod</strong></span> <span class='ocrx_word' id='word_1_318' title='bbox 307 3865 365 3920; x_wconf 90' lang='lat' dir='ltr'><strong>PA</strong></span> <span class='ocrx_word' id='word_1_319' title='bbox 393 3828 507 3932; x_wconf 47' lang='lat' dir='ltr'><strong>attilii</strong></span> <span class='ocrx_word' id='word_1_320' title='bbox 530 3863 558 3917; x_wconf 95' lang='grc' dir='ltr'><strong><em>Β</em></strong></span> <span class='ocrx_word' id='word_1_321' title='bbox 630 3862 792 3917; x_wconf 87' lang='lat' dir='ltr'><strong>coniunctos</strong></span> <span class='ocrx_word' id='word_1_322' title='bbox 815 3862 844 3917; x_wconf 93' lang='lat' dir='ltr'><strong><em>A</em></strong></span> <span class='ocrx_word' id='word_1_323' title='bbox 916 3880 978 3916; x_wconf 91' lang='lat' dir='ltr'><strong>cum</strong></span> <span class='ocrx_word' id='word_1_324' title='bbox 1002 3864 1097 3935; x_wconf 88' lang='lat' dir='ltr'><strong>fossis]</strong></span> <span class='ocrx_word' id='word_1_325' title='bbox 1125 3863 1261 3920; x_wconf 81' lang='lat' dir='ltr'><strong>confossis</strong></span> <span class='ocrx_word' id='word_1_326' title='bbox 1283 3864 1311 3919; x_wconf 90' lang='lat' dir='ltr'><strong><em>A</em></strong></span> <span class='ocrx_word' id='word_1_327' title='bbox 1376 3883 1380 3890; x_wconf 93' lang='lat'>·</span> 
     </span>
    </p>

    <p class='ocr_par' dir='ltr' id='par_1_7' title="bbox 240 3951 1314 4021">
     <span class='ocr_line' id='line_1_34' title="bbox 240 3951 1314 4021; baseline -0.003 -14"><span class='ocrx_word' id='word_1_328' title='bbox 240 3961 272 4008; x_wconf 88' lang='lat'><strong>16</strong></span> <span class='ocrx_word' id='word_1_329' title='bbox 293 3953 401 4008; x_wconf 86' lang='lat' dir='ltr'><strong>reatino</strong></span> <span class='ocrx_word' id='word_1_330' title='bbox 415 3970 463 4007; x_wconf 87' lang='lat' dir='ltr'><strong>mo</strong></span> <span class='ocrx_word' id='word_1_331' title='bbox 481 3952 571 4007; x_wconf 87' lang='lat' dir='ltr'><strong>retino</strong></span> <span class='ocrx_word' id='word_1_332' title='bbox 586 3953 674 4007; x_wconf 93' lang='lat' dir='ltr'><strong>PAB</strong></span> <span class='ocrx_word' id='word_1_333' title='bbox 699 3999 701 4003; x_wconf 89' lang='lat'><em>.</em></span> <span class='ocrx_word' id='word_1_334' title='bbox 729 3954 860 4021; x_wconf 89' lang='lat' dir='ltr'><strong>quartum</strong></span> <span class='ocrx_word' id='word_1_335' title='bbox 875 3951 955 4005; x_wconf 86' lang='lat' dir='ltr'><strong>ABo</strong></span> <span class='ocrx_word' id='word_1_336' title='bbox 971 3954 1105 4020; x_wconf 88' lang='lat' dir='ltr'><strong>quantum</strong></span> <span class='ocrx_word' id='word_1_337' title='bbox 1119 3958 1151 4007; x_wconf 84' lang='lat' dir='ltr'><strong>at</strong></span> <span class='ocrx_word' id='word_1_338' title='bbox 1163 3954 1272 4007; x_wconf 79' lang='lat' dir='ltr'><strong>videtur</strong></span> <span class='ocrx_word' id='word_1_339' title='bbox 1285 3951 1314 4004; x_wconf 93' lang='lat' dir='ltr'><strong><em>P</em></strong></span> 
     </span>
    </p>

    <p class='ocr_par' dir='ltr' id='par_1_8' title="bbox 233 4037 1311 4108">
     <span class='ocr_line' id='line_1_35' title="bbox 233 4037 1311 4108; baseline -0.005 -12"><span class='ocrx_word' id='word_1_340' title='bbox 233 4050 271 4097; x_wconf 78' lang='lat'><strong>-17</strong></span> <span class='ocrx_word' id='word_1_341' title='bbox 299 4043 369 4095; x_wconf 89' lang='lat' dir='ltr'><strong>fiunt</strong></span> <span class='ocrx_word' id='word_1_342' title='bbox 387 4041 475 4096; x_wconf 88' lang='lat' dir='ltr'><strong>PAB</strong></span> <span class='ocrx_word' id='word_1_343' title='bbox 502 4041 535 4097; x_wconf 86' lang='lat' dir='ltr'><strong>fit</strong></span> <span class='ocrx_word' id='word_1_344' title='bbox 552 4040 644 4096; x_wconf 76' lang='lat' dir='ltr'><strong>A&#39;mo</strong></span> <span class='ocrx_word' id='word_1_345' title='bbox 717 4047 749 4095; x_wconf 88' lang='lat'><strong>19</strong></span> <span class='ocrx_word' id='word_1_346' title='bbox 778 4039 813 4093; x_wconf 91' lang='lat' dir='ltr'><strong>de</strong></span> <span class='ocrx_word' id='word_1_347' title='bbox 840 4037 975 4094; x_wconf 87' lang='lat' dir='ltr'><strong>lateribus</strong></span> <span class='ocrx_word' id='word_1_348' title='bbox 998 4041 1147 4108; x_wconf 81' lang='lat' dir='ltr'><strong>posteriore</strong></span> <span class='ocrx_word' id='word_1_349' title='bbox 1174 4042 1230 4094; x_wconf 87' lang='lat' dir='ltr'><strong>loco</strong></span> <span class='ocrx_word' id='word_1_350' title='bbox 1252 4039 1311 4092; x_wconf 86' lang='lat' dir='ltr'><strong>Am</strong></span> 
     </span>
    </p>

    <p class='ocr_par' dir='ltr' id='par_1_9' title="bbox 169 4124 1310 4379">
     <span class='ocr_line' id='line_1_36' title="bbox 238 4124 1310 4200; baseline -0.007 -16"><span class='ocrx_word' id='word_1_351' title='bbox 238 4138 273 4186; x_wconf 89' lang='grc'><strong>20</strong></span> <span class='ocrx_word' id='word_1_352' title='bbox 293 4130 455 4199; x_wconf 88' lang='lat' dir='ltr'><strong>compositis</strong></span> <span class='ocrx_word' id='word_1_353' title='bbox 473 4129 529 4185; x_wconf 86' lang='lat' dir='ltr'><strong>VB</strong></span> <span class='ocrx_word' id='word_1_354' title='bbox 548 4129 687 4200; x_wconf 88' lang='lat' dir='ltr'><strong>copiosius</strong></span> <span class='ocrx_word' id='word_1_355' title='bbox 701 4129 729 4184; x_wconf 94' lang='lat' dir='ltr'><strong><em>A</em></strong></span> <span class='ocrx_word' id='word_1_356' title='bbox 783 4129 812 4183; x_wconf 88' lang='lat' dir='ltr'><strong>in</strong></span> <span class='ocrx_word' id='word_1_357' title='bbox 830 4129 958 4198; x_wconf 87' lang='lat' dir='ltr'><strong>hispania</strong></span> <span class='ocrx_word' id='word_1_358' title='bbox 977 4127 1007 4182; x_wconf 87' lang='lat' dir='ltr'><strong>et</strong></span> <span class='ocrx_word' id='word_1_359' title='bbox 1021 4143 1120 4196; x_wconf 86' lang='lat' dir='ltr'><strong>agroo</strong></span> <span class='ocrx_word' id='word_1_360' title='bbox 1138 4125 1168 4180; x_wconf 91' lang='lat' dir='ltr'><strong>in</strong></span> <span class='ocrx_word' id='word_1_361' title='bbox 1181 4124 1310 4198; x_wconf 74' lang='lat' dir='ltr'><strong>hispanig</strong></span> 
     </span>
     <span class='ocr_line' id='line_1_37' title="bbox 169 4213 1310 4290; baseline -0.006 -15"><span class='ocrx_word' id='word_1_362' title='bbox 169 4238 236 4290; x_wconf 87' lang='lat' dir='ltr'><strong>agro</strong></span> <span class='ocrx_word' id='word_1_363' title='bbox 261 4221 289 4274; x_wconf 94' lang='lat' dir='ltr'><em>P</em></span> <span class='ocrx_word' id='word_1_364' title='bbox 315 4220 343 4274; x_wconf 92' lang='lat' dir='ltr'><strong>in</strong></span> <span class='ocrx_word' id='word_1_365' title='bbox 371 4218 500 4288; x_wconf 85' lang='lat' dir='ltr'><strong>hispanis</strong></span> <span class='ocrx_word' id='word_1_366' title='bbox 526 4237 595 4290; x_wconf 81' lang='lat' dir='ltr'><strong>agro</strong></span> <span class='ocrx_word' id='word_1_367' title='bbox 613 4219 641 4274; x_wconf 94' lang='lat' dir='ltr'><strong><em>A</em></strong></span> <span class='ocrx_word' id='word_1_368' title='bbox 666 4217 696 4273; x_wconf 90' lang='lat' dir='ltr'><strong>in</strong></span> <span class='ocrx_word' id='word_1_369' title='bbox 723 4218 854 4288; x_wconf 86' lang='lat' dir='ltr'><strong>hispania</strong></span> <span class='ocrx_word' id='word_1_370' title='bbox 880 4215 910 4270; x_wconf 87' lang='lat' dir='ltr'><strong>in</strong></span> <span class='ocrx_word' id='word_1_371' title='bbox 938 4233 1005 4286; x_wconf 87' lang='lat' dir='ltr'><strong>agro</strong></span> <span class='ocrx_word' id='word_1_372' title='bbox 1028 4232 1054 4270; x_wconf 85' lang='lat' dir='ltr'><em>m</em></span> <span class='ocrx_word' id='word_1_373' title='bbox 1083 4215 1112 4269; x_wconf 91' lang='lat' dir='ltr'><strong>in</strong></span> <span class='ocrx_word' id='word_1_374' title='bbox 1135 4213 1310 4289; x_wconf 86' lang='lat' dir='ltr'><strong>hinispaniae</strong></span> 
     </span>
     <span class='ocr_line' id='line_1_38' title="bbox 170 4306 1217 4379; baseline -0.002 -16"><span class='ocrx_word' id='word_1_375' title='bbox 170 4327 236 4379; x_wconf 88' lang='lat' dir='ltr'><strong>agro</strong></span> <span class='ocrx_word' id='word_1_376' title='bbox 255 4311 283 4363; x_wconf 92' lang='grc' dir='ltr'><strong><em>Β</em></strong></span> <span class='ocrx_word' id='word_1_377' title='bbox 355 4306 495 4363; x_wconf 85' lang='lat' dir='ltr'><strong>terentino</strong></span> <span class='ocrx_word' id='word_1_378' title='bbox 513 4310 541 4362; x_wconf 92' lang='lat' dir='ltr'><strong><em>A</em></strong></span> <span class='ocrx_word' id='word_1_379' title='bbox 1212 4359 1217 4366; x_wconf 89' lang='grc'><em>,</em></span> 
     </span>
    </p>

    <p class='ocr_par' dir='ltr' id='par_1_10' title="bbox 172 4392 1311 4543">
     <span class='ocr_line' id='line_1_39' title="bbox 221 4392 1311 4466; baseline -0.002 -15"><span class='ocrx_word' id='word_1_380' title='bbox 221 4403 254 4451; x_wconf 93' lang='grc'><strong>21</strong></span> <span class='ocrx_word' id='word_1_381' title='bbox 269 4396 413 4466; x_wconf 87' lang='lat' dir='ltr'><strong>saeptisB</strong></span> <span class='ocrx_word' id='word_1_382' title='bbox 427 4395 514 4466; x_wconf 81' lang='lat' dir='ltr'><strong>septis</strong></span> <span class='ocrx_word' id='word_1_383' title='bbox 526 4396 581 4451; x_wconf 88' lang='lat' dir='ltr'><strong>VA</strong></span> <span class='ocrx_word' id='word_1_384' title='bbox 634 4396 743 4466; x_wconf 89' lang='lat' dir='ltr'><strong>praedii</strong></span> <span class='ocrx_word' id='word_1_385' title='bbox 755 4396 843 4452; x_wconf 88' lang='lat' dir='ltr'><strong>VAB</strong></span> <span class='ocrx_word' id='word_1_386' title='bbox 897 4394 1012 4451; x_wconf 85' lang='lat' dir='ltr'><strong>sationis</strong></span> <span class='ocrx_word' id='word_1_387' title='bbox 1026 4393 1101 4449; x_wconf 90' lang='lat' dir='ltr'><strong>notis</strong></span> <span class='ocrx_word' id='word_1_388' title='bbox 1111 4395 1241 4450; x_wconf 90' lang='lat' dir='ltr'><strong>arborum</strong></span> <span class='ocrx_word' id='word_1_389' title='bbox 1255 4392 1311 4449; x_wconf 88' lang='lat' dir='ltr'><strong>VB</strong></span> 
     </span>
     <span class='ocr_line' id='line_1_40' title="bbox 172 4484 1169 4543; baseline 0.003 -5"><span class='ocrx_word' id='word_1_390' title='bbox 172 4486 288 4542; x_wconf 85' lang='lat' dir='ltr'><strong>sationis</strong></span> <span class='ocrx_word' id='word_1_391' title='bbox 308 4486 410 4542; x_wconf 83' lang='lat' dir='ltr'><strong>ationis</strong></span> <span class='ocrx_word' id='word_1_392' title='bbox 428 4485 503 4541; x_wconf 90' lang='lat' dir='ltr'><strong>notis</strong></span> <span class='ocrx_word' id='word_1_393' title='bbox 522 4485 651 4543; x_wconf 84' lang='lat' dir='ltr'><strong>arborum</strong></span> <span class='ocrx_word' id='word_1_394' title='bbox 668 4485 697 4541; x_wconf 88' lang='lat' dir='ltr'><strong><em>A</em></strong></span> <span class='ocrx_word' id='word_1_395' title='bbox 715 4486 822 4541; x_wconf 86' lang='lat' dir='ltr'><strong>satione</strong></span> <span class='ocrx_word' id='word_1_396' title='bbox 841 4487 971 4541; x_wconf 89' lang='lat' dir='ltr'><strong>arborum</strong></span> <span class='ocrx_word' id='word_1_397' title='bbox 989 4484 1169 4541; x_wconf 76' lang='lat' dir='ltr'><strong>Schneideroa</strong></span> 
     </span>
    </p>
   </div>
   <div class='ocr_carea' id='block_1_7' title="bbox 0 0 1517 5026">
    <p class='ocr_par' dir='ltr' id='par_1_11' title="bbox 0 0 1517 5026">
     <span class='ocr_line' id='line_1_41' title="bbox 0 0 1517 5026; baseline 0 0"><span class='ocrx_word' id='word_1_398' title='bbox 0 0 1517 5026; x_wconf 95' lang='lat' dir='ltr'><strong> </strong></span> 
     </span>
    </p>
   </div>
  </div>
 </body>
</html>
