3000 5026
166 339 230 402 296
657 336 843 391 VARRONIS

166 507 275 587 decim,
300 507 352 584 qui
375 505 431 566 hoc
455 507 567 587 minus,
591 508 736 585 quinque,
760 505 811 583 qui
835 502 890 563 hoc
914 502 990 583 pluS,
1014 501 1065 580 [x]
1089 517 1145 563 xv.
1191 501 1315 563 incubat

138 612 396 692 Atempestatibus
434 613 497 672 dies
534 614 673 693 triginta,
711 609 907 690 tepidioribus
944 623 1023 670 xxv.
1078 627 1147 669 cum
1185 608 1314 689 excudit,

167 722 298 800 quinque
323 719 428 780 diebus
451 721 555 798 primis
579 721 733 798 patiuntur
758 736 823 777 esse
843 735 911 777 cum
930 726 1034 777 matre.
1067 716 1174 776 deinde
1194 715 1314 796 cotidie,

166 846 304 889 serenum
329 845 396 887 cum
421 834 475 907 est,
499 826 668 905 producunt
691 827 722 884 in
746 834 838 904 prata,
861 825 933 884 item
956 825 1087 901 piscinas
1110 831 1162 883 aut
1179 823 1314 904 paludeS,

164 937 260 1013 iisque
290 933 401 995 iaciunt
428 933 515 993 haras
544 950 633 1011 supra
662 940 772 992 terram
801 938 851 991 aut
880 937 1003 1010 suptus,
1027 933 1057 990 in
1087 948 1160 1009 quas
1184 948 1246 989 non
1270 932 1313 990 in·

93 1015 97 1025 f
165 1041 280 1102 ducant
305 1040 372 1120 plus
400 1016 519 1100 vicenos
547 1039 658 1119 pullos,
685 1057 793 1117 easque
823 1036 911 1099 cellas
940 1037 1097 1116 provident
1124 1055 1161 1097 ne
1184 1037 1315 1099 habeant

165 1149 196 1207 in
224 1148 286 1208 solo
315 1165 462 1227 umorem,
490 1157 519 1207 et
543 1156 576 1207 ut
598 1145 685 1205 molle
709 1145 837 1205 habeant
861 1144 1049 1205 substramen
1073 1163 1089 1204 e
1112 1128 1313 1223 palea'aliave

166 1273 223 1333 qua
256 1273 302 1335 re,
336 1273 408 1314 neve
443 1273 499 1333 qua
532 1271 567 1313 eo
601 1252 741 1312 accedere
775 1254 890 1330 possint
921 1251 1064 1312 mustelae
1097 1251 1208 1312 aliaeve
1239 1270 1314 1330 quae

138 1361 281 1425 5bestiae
313 1368 447 1422 noceant.
493 1378 614 1420 anseres
647 1367 772 1438 pascunt
803 1361 834 1419 in
867 1359 975 1419 umidis
1007 1358 1081 1418 locis
1114 1366 1144 1419 et
1171 1358 1314 1438 pabulum

165 1477 278 1550 serunt,
305 1468 383 1548 quod
408 1467 536 1547 aliquem
560 1467 635 1527 ierat
658 1467 797 1545 fructum,
821 1472 985 1544 seruatque
1008 1464 1055 1525 his
1078 1465 1213 1546 herbam,
1237 1485 1312 1545 quae
1342 1490 1346 1523 :

164 1585 286 1636 vocatur
311 1577 395 1657 seris,
421 1575 498 1654 quod
522 1594 555 1635 ea
576 1594 650 1654 aqua
670 1582 755 1654 tacta,
779 1576 867 1634 etiam
887 1580 1019 1656 cquest
1038 1573 1128 1655 arida,
1148 1574 1181 1634 lit
1202 1574 1313 1634 viridis.

165 1681 232 1742 lolia
257 1684 321 1742 eius
345 1682 541 1760 decerpentes
564 1681 643 1757 dant,
670 1700 715 1761 ne,
740 1683 765 1740 si
789 1699 823 1740 eo
843 1682 999 1760 inegerint,
1023 1679 1075 1741 ubi
1095 1683 1240 1762 nascitur,
1265 1691 1315 1742 aut

165 1788 477 1867 obterendoperdant
501 1797 551 1849 aut
575 1790 632 1868 ipsi
656 1788 802 1849 cruditate
826 1795 957 1865 pereant.
997 1805 1120 1847 voraces
1144 1789 1225 1848 enim
1246 1799 1315 1848 sunt

165 1904 277 1955 natura.
312 1914 370 1974 quo
400 1895 625 1973 temperandum
653 1896 704 1975 iis,
734 1895 784 1972 qui
807 1902 930 1972 propter
953 1893 1146 1971 cupiditatem
1172 1913 1261 1974 saepe
1284 1897 1314 1954 in

164 2001 326 2081 pascendo,
356 2005 382 2062 si
410 2002 539 2063 radicem
568 2002 766 2081 prenderunt,
795 2018 883 2079 quam
912 2000 1040 2061 educere
1068 2000 1160 2060 velint
1185 2020 1201 2061 e
1225 2010 1346 2081 terra,1⁵

164 2109 346 2187 abrumpunt
374 2109 495 2170 collum:
529 2109 755 2188 perinbecillum
784 2109 863 2167 enim
892 2107 935 2183 id,
964 2116 998 2168 ut
1013 2114 1115 2187 caput
1143 2107 1243 2168 molle.
1288 2111 1310 2168 si

164 2215 237 2277 haec
260 2215 352 2276 herba
377 2235 436 2276 non
460 2224 514 2298 est,
538 2217 666 2277 dandum
691 2215 836 2276 hordeum
860 2221 910 2275 aut
930 2215 1111 2275 frumentum
1131 2214 1214 2276 aliut.
1246 2235 1308 2277 cum

139 2331 214 2386 dest
242 2332 359 2402 tempus
388 2324 556 2404 farraginis,
585 2323 726 2403 dandum,
754 2330 787 2383 ut
814 2325 845 2383 in
870 2324 929 2382 seri
952 2322 1021 2383 dixi.
1068 2341 1136 2382 cum
1160 2323 1308 2399 incubant,

164 2429 310 2489 hordeum
334 2430 370 2489 iis
393 2431 529 2489 intritum
554 2431 584 2488 in
608 2448 684 2507 aqua
707 2428 924 2506 adponendum.
957 2427 1046 2507 pullis
1070 2431 1202 2508 primum
1222 2430 1307 2492 biduo

164 2535 281 2615 polenta
305 2542 356 2596 aut
378 2534 524 2595 hordeum
547 2535 714 2615 adponitur,
738 2534 835 2595 tribus
855 2537 998 2614 proximis
1017 2539 1200 2598 nasturtium
1219 2539 1309 2600 viride
1321 2550 1342 2589 ²⁰

236 2782 248 2829 1
279 2775 327 2845 qui
349 2778 403 2831 hoc
425 2775 517 2830 minus
541 2778 660 2847 septem,
690 2778 737 2846 qui
760 2778 814 2833 hoc
837 2779 899 2847 plus
923 2777 1083 2847 quindecim
1107 2782 1259 2838 Iucundos
1280 2800 1311 2837 eac

165 2865 313 2922 Columella
337 2866 423 2920 VIII
441 2870 522 2934 14,6
612 2872 629 2919 4
653 2865 683 2920 in
706 2869 788 2936 prata
811 2869 880 2921 item
902 2867 1025 2936 piscinas
1045 2869 1105 2922 PB
1127 2871 1157 2924 in
1176 2871 1256 2941 prati
1274 2873 1312 2942 (in

162 2955 251 3026 pratis
265 2955 315 3023 A¹)
330 2955 371 3010 ita
384 2953 506 3024 piscinas
521 2955 549 3009 A
558 2955 587 3009 in
601 2955 691 3023 pratis
705 2956 784 3010 iuxta
797 2955 919 3026 piscinas
933 2974 960 3010 m
974 2956 1003 3009 in
1017 2961 1100 3026 prata
1114 2957 1145 3013 in
1157 2960 1283 3028 piscinas
1297 2979 1313 3016 e

225 3050 241 3099 ὅ
260 3044 365 3098 fatiunt
383 3046 409 3098 A
473 3045 557 3098 haras
577 3044 603 3097 V
619 3061 681 3099 aras
696 3045 757 3100 AB
821 3049 870 3101 aut
888 3047 986 3116 suptus
1001 3047 1059 3101 PA
1077 3049 1127 3101 aut
1150 3049 1251 3104 subtus
1265 3051 1313 3105 Be

233 3132 263 3186 in
287 3150 358 3201 quae
381 3150 438 3188 non
460 3133 595 3188 inducant
614 3133 704 3188 PAB
727 3135 757 3187 in
781 3151 852 3204 quae
875 3152 930 3189 non
951 3136 1098 3191 includant
1115 3153 1139 3190 v.
1179 3136 1314 3208 ‘Antiqua'

163 3222 243 3288 libri,
261 3220 294 3274 In
313 3238 385 3290 quae
403 3239 458 3276 non
478 3221 623 3276 inducant'
646 3222 789 3278 Victorias.
818 3224 847 3277 in
866 3241 934 3292 quas
952 3240 1009 3278 non
1027 3223 1175 3279 includant
1193 3225 1314 3282 Ursinus

217 3315 233 3362 6
253 3327 287 3363 ne
305 3310 428 3364 habeant
448 3310 504 3363 VB
522 3328 578 3365 non
596 3309 720 3365 habeant
734 3312 794 3366 Am
850 3318 864 3367 7
883 3329 1008 3367 umorem
1024 3312 1084 3366 ΡΑ
1101 3311 1250 3369 humorem
1264 3317 1314 3371 Be

248 3405 339 3467 8qua
357 3417 387 3454 re
408 3431 440 3439 -
460 3399 568 3454 aliaeve
587 3416 637 3456 om.
659 3401 687 3453 A
768 3400 906 3455 9umidis
926 3401 1018 3456 PAB
1035 3401 1193 3456 humidisv
1281 3411 1314 3460 10

163 3489 238 3557 quod
258 3505 307 3544 om.
327 3489 354 3541 A
427 3487 549 3558 aliquem
568 3489 661 3544 ferant
678 3490 799 3545 fructum
816 3490 907 3543 PAR
927 3489 1051 3560 aliquem
1069 3492 1190 3545 fructum
1209 3493 1314 3548 ferato

251 3584 283 3631 11
304 3580 420 3632 uocatur
440 3577 509 3632 seris
529 3580 676 3634 Iracundus
694 3583 810 3635 uocatur
828 3578 902 3634 heris
927 3579 1016 3633 VAB
1102 3587 1135 3635 12
1155 3581 1179 3636 si
1199 3599 1235 3638 eo
1255 3583 1313 3638 ine-

163 3667 252 3721 cerint
271 3666 299 3720 A
322 3667 346 3718 si
370 3683 402 3720 eo
426 3666 573 3721 iniecerint
597 3669 654 3723 VB
677 3668 701 3722 si
725 3669 896 3724 comederint
913 3686 940 3722 m
959 3670 1114 3727 Iracundus.
1154 3670 1209 3726 ‘Ne
1237 3673 1262 3726 si
1281 3689 1313 3728 eo

161 3753 308 3823 inegerint.
351 3755 515 3824 Elepaotior
542 3758 608 3812 baec
634 3763 672 3812 eet
697 3759 773 3813 lectio
796 3775 877 3828 qaam
900 3759 1020 3825 restitui,
1049 3760 1225 3815 eaeteriboes
1248 3779 1313 3816 omre

163 3845 242 3898 libris
265 3849 381 3913 accepta.
401 3876 435 3884 -
450 3861 546 3914 parua
569 3846 642 3902 labes
665 3848 697 3901 lec
721 3847 837 3916 antiqua
860 3849 999 3916 scriptura
1022 3852 1093 3915 erat,
1116 3849 1142 3902 ei
1165 3850 1243 3906 labes
1263 3853 1313 3905 cllo

162 3933 219 3988 dici
236 3933 324 3999 debet,
346 3933 389 3988 Ne
408 3934 432 3988 si
451 3952 483 3989 eo
503 3935 647 3990 inecerint.
688 3937 778 3991 Vnius
795 3937 883 4007 lplter
902 3939 995 3991 literae
1013 3939 1155 4004 cerrectie,
1177 3939 1311 4009 quicquid

161 4025 220 4076 erat
243 4022 378 4089 maculae,
401 4023 523 4078 sadulil’
554 4023 692 4079 Victorius
783 4031 816 4078 14
841 4043 895 4094 quo
919 4043 969 4080 om.
989 4027 1048 4079 Am
1139 4031 1173 4079 16
1199 4028 1308 4082 abrum-

160 4113 232 4180 punt
260 4112 317 4165 VB
341 4115 512 4182 oprumpunt
530 4113 558 4167 A
581 4113 751 4183 obrumpunt
771 4132 797 4168 m
886 4115 1099 4184 perinbecillum
1117 4114 1146 4168 A
1169 4115 1305 4184 perintho

161 4198 257 4252 eillum
282 4200 338 4254 VB
428 4201 524 4272 eaput]
545 4205 598 4271 cap
614 4202 642 4256 A
739 4209 770 4258 17
789 4204 877 4257 herba
900 4205 950 4258 Bo
970 4203 1037 4258 erba
1054 4204 1112 4258 PA
1192 4203 1305 4260 alintP

162 4286 238 4340 aliud
253 4288 334 4342 ABo
391 4293 423 4342 18
442 4289 576 4358 faraginis
590 4292 618 4345 A
672 4291 700 4344 in
720 4290 785 4346 serii
799 4291 857 4346 dixi
874 4292 932 4346 ΡΑ
945 4292 1043 4347 inserit
1057 4292 1114 4346 dixi
1127 4293 1157 4346 B
1169 4292 1202 4347 in
1217 4308 1308 4365 supra·

162 4375 274 4444 scriptis
289 4376 376 4429 dixin
432 4383 464 4430 19
484 4379 679 4447 apponendum
697 4379 785 4434 VAB
840 4387 874 4435 20
893 4381 1043 4452 apponitur
1062 4381 1152 4436 VAB
1204 4386 1311 4439 nastur-

161 4463 232 4518 tium
251 4480 266 4517 o
285 4463 457 4519 nasturcium
478 4466 568 4520 PAB
