3000 5026
455 334 583 389 RERVM
601 335 920 407 lovaricmtvmfiurss.
940 336 965 390 ll
986 333 1004 388 2
1239 337 1304 400 219

163 519 237 580 quae
272 501 376 562 dicam.
426 503 549 582 arietes,
582 502 691 581 quibus
725 504 766 562 sis
798 521 909 564 usurus
938 503 973 563 ad
1002 503 1141 585 feturam,
1174 503 1310 565 bimestri

162 617 295 686 tempore
327 615 396 668 ante
424 609 641 669 secernendum
670 618 700 669 et
727 609 838 689 largius
866 609 975 688 pabulo
1007 609 1195 688 explendum.
1240 628 1309 670 cum

163 713 316 774 redieruut
343 718 388 775 cd
414 714 528 775 stabula
556 734 572 775 e
600 723 700 797 pastu,
727 715 872 776 hordeum
902 719 927 777 si
951 724 996 778 est
1019 717 1133 797 datum,
1161 718 1308 777 firmiores

163 821 237 881 liunt
260 821 295 881 ad
319 820 451 885 laborem
475 821 690 882 sustinendum.
736 829 854 901 tempus
874 824 1019 902 optimum
1038 823 1073 884 ad
1093 823 1307 884 admittendum

133 925 198 986 sab
225 928 339 987 arcturi
367 944 474 986 occasu
502 927 537 987 ad
567 927 681 1006 aquilae
709 946 861 1009 oceasum,
896 929 977 1007 qrrod
1004 947 1081 1008 quiae
1108 940 1211 1009 postea
1239 949 1307 992 con·

161 1035 284 1113 cipiunt,
303 1033 378 1092 liunt
398 1033 558 1112 vegrandes
577 1042 666 1114 atquo
685 1034 847 1096 inbecillae.
890 1037 952 1094 ovis
970 1054 1115 1113 praegnas
1134 1046 1180 1098 est
1198 1037 1303 1098 diebus
1316 1041 1356 1098 14

163 1153 215 1202 cn.
239 1143 338 1221 itaque
362 1141 395 1200 fit
418 1148 521 1220 partus
545 1144 627 1203 exitu
646 1142 817 1223 autumnali,
841 1160 909 1201 eum
927 1160 978 1202 aer
997 1151 1043 1203 est
1061 1144 1306 1222 modicetempe-

164 1256 243 1308 ratus
280 1256 311 1308 et
348 1250 486 1326 primitus
524 1251 620 1309 oritur
656 1248 749 1309 herba
786 1247 932 1309 imbribus
964 1249 1147 1328 primoribus
1180 1256 1307 1310 evocata.

165 1372 248 1433 quam
274 1354 325 1415 diu
349 1355 512 1415 admissura
533 1357 573 1437 fit,
598 1355 700 1416 eadem
719 1374 794 1435 aqua
813 1357 857 1415 uti
877 1364 1002 1437 oportet,
1026 1357 1105 1436 quod
1125 1357 1306 1417 conmutatio

114 1470 192 1523 icet
217 1461 315 1522 lanam
342 1462 412 1522 facit
436 1464 545 1522 variam
569 1470 599 1523 et
622 1464 788 1541 corrumpit
811 1470 938 1523 uterum.
986 1482 1054 1524 cum
1078 1481 1180 1523 omncs
1203 1481 1307 1524 concc-

166 1578 283 1649 perum,
312 1586 418 1629 rursus
446 1570 555 1629 arietes
581 1569 769 1649 secernendi,
798 1571 838 1629 ita
862 1569 947 1629 factis
970 1568 1204 1648 praegnantibus
1228 1569 1306 1648 quod

167 1687 229 1736 sunt
257 1675 388 1755 molesti,
417 1674 534 1734 obsunt.
581 1693 678 1754 neque
706 1677 768 1753 pati
795 1683 913 1753 oportet
940 1677 1072 1735 minores
1101 1695 1189 1755 quam
1212 1675 1307 1735 bimas

165 1780 255 1862 saliri,
285 1780 363 1860 quod
392 1800 489 1860 neque
516 1791 616 1843 natum
641 1800 676 1842 ex
700 1781 747 1842 his
770 1782 909 1843 idoneum
934 1791 992 1863 cst,
1022 1801 1119 1863 neque
1142 1800 1202 1842 nou
1225 1783 1307 1861 ipsae
1353 1764 1368 1784 ⁹

161 1886 235 1949 fiunt
268 1888 447 1969 deteriores3
480 1896 510 1950 et
542 1907 601 1949 nou
635 1888 774 1950 meliores
802 1908 889 1967 quam
918 1891 1024 1949 trimae
1052 1889 1206 1949 admissae.
1257 1888 1306 1948 de-

114 2015 130 2056 5
159 2000 277 2055 terrent
300 1994 336 2055 ab
361 1994 506 2076 saliendo,
530 2003 560 2056 et
583 1995 709 2056 fiscellas
733 2015 748 2056 e
773 1998 863 2056 iunco
887 1995 978 2056 aliave
1002 2014 1060 2075 qua
1084 2014 1117 2055 re
1141 1995 1219 2074 quod
1244 1992 1305 2054 alli-

145 2109 229 2178 gant
252 2102 289 2163 ad
313 2110 458 2163 naturam.
504 2103 688 2163 commodius
713 2111 882 2182 servantur,
906 2105 932 2163 si
955 2110 1085 2164 secretas
1109 2110 1243 2181 pascunt.

247 2208 281 2269 In
301 2212 451 2269 nutricatu
470 2228 538 2270 cum
557 2228 662 2289 parere
682 2221 853 2290 coeperunt,
876 2212 994 2288 inigunt
1011 2212 1043 2269 in
1062 2208 1185 2289 stabula,
1208 2226 1302 2287 eaque
1315 2212 1354 2270 15

128 2313 269 2375 habent
294 2317 329 2376 ad
353 2334 418 2376 eam
442 2335 505 2377 rem
529 2318 653 2399 seclusa,
677 2317 778 2396 ibique
803 2325 870 2379 nata
889 2319 1021 2379 recentia
1041 2317 1076 2377 ad
1096 2318 1195 2395 ignem
1213 2334 1306 2396 prope

119 2430 284 2503 ponunt,
308 2424 402 2502 quaad
429 2425 650 2486 convaluerunt.
696 2425 819 2486 biduum
843 2432 894 2486 aut
917 2426 1049 2486 triduum
1072 2424 1211 2503 retinent,
1235 2422 1306 2483 dum

232 2705 249 2754 4
266 2703 378 2771 tempus
397 2701 535 2772 optimum
556 2704 632 2758 Pla'c.
652 2710 679 2773 8,
698 2708 754 2759 187

114 2837 374 2856 Ἢ

267 2958 283 3005 2
317 2951 530 3020 exemplendum
558 2951 586 3004 Β
692 2957 708 3004 3
741 2949 884 3005 redierunt
911 2950 947 3004 ad
974 2949 1085 3004 stabula
1110 2951 1137 3002 P
1163 2949 1307 3004 redierunt

114 3027 271 3093 *tabula
289 3039 380 3094 ΑΒΜ
398 3040 532 3095 redierint
551 3038 586 3092 ad
606 3037 752 3092 stabulau
837 3038 1000 3111 hordeumm
1019 3038 1047 3091 B
1132 3038 1304 3093 laustinen·

114 3111 229 3180 ium
260 3127 316 3182 Vn
345 3128 557 3183 substinendum
585 3128 611 3180 n
698 3125 868 3197 aequatae]
896 3124 1031 3194 aliquidle
1059 3142 1127 3181 coar.
1156 3126 1249 3193 aquile
1278 3128 1305 3180 A

234 3216 308 3284 quod
331 3217 414 3287 quae]
440 3217 543 3285 quodq;
563 3216 590 3269 Β
663 3215 711 3284 qui
729 3216 829 3284 posleu
848 3214 1042 3284 concipiuntur
1060 3215 1131 3268 fiunl
1149 3215 1304 3284 negrandes

114 3291 245 3368 atque
260 3304 395 3361 imbecilli
411 3306 528 3359 Ursinus
544 3311 568 3360 et
578 3305 750 3372 Popmcooll.
764 3304 841 3358 Pla'u.
858 3304 940 3357 VIII
954 3307 1009 3358 167
1018 3305 1118 3373 postea
1127 3305 1255 3374 concepti
1263 3303 1305 3359 in-

114 3385 248 3470 Yalidi
295 3402 311 3451 6
324 3394 496 3464 uaegrcndes
509 3394 537 3447 Β
549 3436 554 3448 .
564 3394 727 3463 Vegraudes
742 3395 773 3448 iu
782 3394 905 3462 margine
915 3393 1061 3461 monopoli
1071 3393 1100 3446 P
1141 3392 1304 3448 inbecilleA

117 3477 319 3539 1111necillae
339 3484 367 3536 P
383 3483 514 3555 inueeillp
534 3500 555 3551 s,
574 3485 620 3538 sed
638 3502 651 3537 s
669 3483 783 3537 deletum
796 3482 823 3535 Β
842 3481 987 3535 inbecilles
1006 3498 1032 3534 m
1050 3481 1208 3536 imbecillae
1227 3499 1243 3536 u

122 3566 298 3639 praegnas
319 3571 348 3624 P
364 3587 521 3640 praegnans
539 3572 621 3625 ABo
712 3577 726 3624 i
747 3571 823 3625 exitu
841 3587 888 3625 mv
908 3572 998 3625 exitus
1015 3571 1105 3625 PAB
1196 3570 1304 3622 autum-

127 3651 219 3711 nali
232 3661 293 3713 AB
312 3660 458 3714 autumnali
471 3660 499 3712 P
508 3659 700 3714 auctunnalio
755 3665 771 3713 8
791 3660 821 3713 et
833 3658 963 3728 primitus
984 3659 1040 3712 VB
1054 3676 1087 3714 uc
1101 3657 1231 3729 primitus
1245 3658 1305 3713 Am

212 3748 428 3816 tiadmissurap
442 3751 468 3803 Β
528 3748 602 3816 qnod
621 3747 803 3803 commutatio
827 3748 879 3802 VB
898 3749 973 3817 quod
991 3748 1216 3802 cummutatioA
1272 3754 1305 3801 10

138 3834 258 3892 omnes
276 3838 397 3893 mutatio
416 3842 611 3908 conceperunt,
630 3841 676 3893 sed
695 3837 813 3891 mutatio
832 3838 945 3892 deletum
958 3839 986 3892 A
1042 3844 1075 3892 12
1095 3837 1198 3892 obsunt
1211 3837 1306 3891 deleuit

143 3908 285 3999 Scattper
331 3935 364 3981 13
383 3943 472 3995 neque
492 3944 546 3981 uon
564 3927 642 3997 ipsae
657 3927 715 3981 PA
733 3941 822 3993 neque
841 3925 960 3993 ipsaeB
979 3942 1029 3980 nee
1046 3927 1224 3995 nonipsueo
1272 3931 1305 3980 15

147 4003 184 4055 ef»
212 4017 334 4074 fiscellas
360 4033 374 4069 e
398 4014 480 4071 iunco
508 4016 534 4069 V
556 4018 585 4070 et
607 4016 714 4070 fiscella
737 4015 848 4069 seiunco
871 4014 899 4066 B
922 4018 951 4067 et
973 4014 1068 4067 fixelas
1092 4013 1207 4067 seinneo
1225 4015 1252 4066 A
1276 4016 1305 4067 et

151 4085 280 4160 fiscellas
299 4103 413 4159 seiunco
431 4121 458 4158 m
513 4115 515 4120 '

236 4201 267 4250 17
287 4195 439 4262 coeperunl
451 4194 480 4247 Ρ
492 4196 625 4263 ceperunt
639 4196 664 4247 A
680 4194 831 4262 caeperunt
843 4192 870 4244 Β
885 4188 1027 4259 coeperint
1040 4205 1056 4244 o
1124 4194 1158 4242 19
1172 4189 1304 4257 ponuntur

157 4277 268 4338 ronam
287 4283 379 4336 PAR
451 4284 544 4351 quand
561 4283 653 4337 PAB
672 4282 766 4351 quoad
782 4280 843 4335 A'o
915 4278 1031 4333 biduum
1049 4280 1100 4332 aut
1117 4277 1239 4331 triduum
1257 4294 1304 4332 mv

162 4351 279 4425 biduum
293 4371 329 4424 ad
343 4370 466 4431 triduum
474 4371 533 4425 ΡΒ
546 4371 662 4426 bodium
673 4371 709 4425 ad
717 4372 841 4425 triduum
851 4370 877 4424 A
924 4367 989 4421 dum
999 4368 1206 4436 adcognosoant
1215 4367 1306 4421 PAR

170 4445 233 4512 dum
249 4459 404 4530 agnoscant
421 4476 467 4514 uto
1380 4452 1381 4455 ¹
