3000 5026
441 353 488 406 un
508 352 596 406 acm
616 351 786 407 currunt
805 353 833 407 o.
856 354 1016 414 112-115
1269 347 1309 414 75

164 525 233 596 post
256 518 320 578 dies
338 534 384 578 xn
409 519 565 595 diffundito
589 521 619 578 in
635 519 791 597 amphoras
805 526 835 579 et
849 519 948 578 addito
963 520 994 578 in
1008 518 1139 597 singulas
1154 518 1310 596 amphoras
1330 520 1347 575 2

165 643 254 703 sapae
278 628 440 685 sextarium
463 643 563 686 unum.
601 625 757 703 amphoras
780 624 872 684 nolito
887 624 1000 703 inplere
1015 628 1148 706 nimium,
1172 644 1309 686 ansarum

164 732 335 791 intimarum
359 733 423 811 fini,
453 740 482 792 et
510 731 666 809 amphoras
689 733 720 791 in
745 731 805 790 sole
829 735 944 812 ponito,
973 732 1025 792 uhi
1048 732 1139 792 herha
1163 751 1221 792 nou
1246 735 1310 811 siet,

164 847 195 898 et
220 838 377 917 amphoras
400 841 528 918 operito,
557 858 594 898 ue
618 856 693 916 aqua
717 838 850 917 accedat,
878 846 909 898 et
932 856 968 898 ne
992 839 1059 917 plus
1083 839 1310 917 quadriennium
1377 905 1380 908 ,

132 947 196 1004 bin
222 944 284 1005 soie
312 947 425 1006 siveris
467 953 535 1024 post
564 945 804 1024 quadriennium·
821 947 851 1004 in
880 945 1008 1006 cuiteum
1032 948 1190 1025 conponito
1215 954 1244 1006 et
1268 948 1311 1005 in·

166 1054 286 1130 stipato.
1029 1037 1043 1042 '⁸

253 1158 361 1219 Vinum
385 1162 410 1219 si
434 1159 513 1219 voles
528 1161 719 1240 concinnare,
744 1167 778 1219 ut
791 1159 888 1219 alvum
903 1159 1010 1219 bonam
1025 1161 1119 1240 faciat,
1144 1160 1308 1220 secundum
1329 1165 1407 1222 cxlv

279 1231 323 1246 μ’
377 1226 498 1250 f„
564 1231 692 1246 da·-

165 1266 356 1346 vindemiam,
381 1266 432 1327 uhi
455 1268 530 1326 vites
554 1265 782 1347 ablaqueantur,
803 1274 954 1345 *quantum
978 1266 1096 1345 putabis
1121 1269 1149 1327 ei
1172 1269 1216 1326 rei
1240 1269 1311 1326 satis

165 1390 231 1432 csse
255 1374 330 1452 vini,
355 1380 403 1458 tot
422 1375 496 1460 vites
520 1372 693 1452 ablaqueato
718 1375 894 1461 etaesign-ato.
932 1391 1033 1433 earum
1053 1374 1167 1434 radices
1186 1375 1312 1434 circum-

106 1500 141 1541 ιο
167 1487 267 1568 secato
296 1487 326 1539 et
354 1486 489 1558 purgato.
526 1455 637 1540 veratri
669 1484 733 1541 atri
758 1480 874 1539 radices
902 1463 1082 1539 contundito
1104 1482 1134 1539 in
1159 1480 1234 1560 pila,
1262 1498 1312 1539 eas

163 1586 281 1647 radices
306 1587 373 1646 dato
397 1588 511 1646 circum
535 1589 625 1646 ritem
653 1594 683 1646 et
711 1595 827 1647 stercus
856 1593 941 1646 vetus
965 1594 995 1646 et
1023 1589 1153 1647 cinerem
1183 1594 1311 1647 veterem

160 1699 197 1751 ct
224 1693 296 1753 duas
325 1703 425 1771 partes
453 1700 551 1753 terrae
574 1693 757 1753 circumdato
786 1693 900 1753 radices
928 1694 1005 1753 vitis.
1052 1702 1161 1753 terram
1190 1696 1312 1772 insuper

160 1801 276 1860 inicito.
318 1800 374 1860 hoc
404 1802 505 1860 vinum
533 1819 668 1861 seorsum
692 1800 789 1878 legito.
833 1802 858 1860 si
881 1799 961 1859 votes
985 1818 1103 1859 servare
1127 1802 1157 1859 in
1185 1798 1348 1860 vetusta-2

830 1857 1274 1881 aeb---ae

156 1913 227 1965 tem
257 1907 292 1967 ad
321 1907 418 1968 airum
447 1909 633 1988 movendam,
664 1915 793 1987 seruato,
831 1925 867 1966 ne
898 1908 1080 1966 conmisceas
1115 1925 1182 1966 cum
1211 1914 1311 1967 cetero

178 1977 399 1993 *fu
486 1979 559 1990 ..a—-

106 2039 136 2082 ¹5
165 2013 247 2073 uino.
284 2013 321 2073 de
345 2016 471 2095 cedrino
495 2022 613 2093 cyatum
637 2016 746 2074 sumito
770 2021 800 2073 et
823 2015 946 2074 misceto
975 2032 1051 2092 aqna
1074 2021 1104 2073 et
1126 2012 1219 2072 bibito
1243 2020 1310 2072 ante

159 2135 279 2180 cenam.
319 2122 382 2180 sine
406 2120 540 2199 periculo
564 2121 661 2181 alvum
686 2119 822 2181 movebit.

256 2225 289 2286 ln
313 2229 414 2287 vinum
438 2234 569 2287 mustum
593 2229 702 2288 veratri
725 2229 783 2288 atri
806 2226 989 2306 manipulum
1015 2228 1121 2287 coicito
1141 2228 1171 2286 in
1191 2226 1310 2305 ampho-
1329 2227 1396 2286 GXV

156 2347 240 2392 ram.
278 2332 329 2393 ubi
358 2336 429 2394 satis
458 2335 619 2415 ademerit,
647 2335 775 2396 devino
804 2334 988 2414 manipulum
1016 2336 1113 2395 eicite.
1151 2334 1181 2394 id
1210 2336 1310 2394 vinum

155 2447 285 2499 servato
309 2441 345 2499 ad
370 2440 466 2501 alvum
490 2442 672 2503 movendam.

241 2653 272 2700 tr
292 2648 323 2701 In
342 2646 439 2703 vinum
458 2649 580 2702 mustum
601 2649 679 2705 Pau
699 2653 743 2715 14,
762 2655 816 2704 110

215 2775 380 2785 ---,-----.

252 2863 424 2930 lanphoras
444 2863 482 2928 A,
502 2862 564 2914 item
580 2866 674 2929 posteo
781 2860 933 2929 2implere
958 2862 1046 2915 VAR
1093 2878 1098 2888 ·
1154 2849 1264 2917 dearum
1284 2864 1311 2918 A

187 2949 209 2996 3
236 2951 303 3006 erba
322 2951 349 3004 A
420 2967 475 3004 non
495 2950 547 3003 siet
565 2949 762 3019 etssamphoras
781 2947 808 3000 R
821 2948 903 3015 Vici„
928 2966 983 3003 non
1003 2950 1058 3003 siet
1076 2952 1105 3004 et
1123 2951 1263 3019 amphoras
1283 2954 1309 3003 A

130 3040 212 3084 non
240 3039 296 3092 siet
313 3038 503 3108 amphorasV
573 3043 642 3090 Ane
661 3037 723 3106 plus
739 3036 951 3104 quadriennium
964 3037 1055 3091 PAR
1073 3055 1108 3091 ne
1127 3038 1190 3106 plus
1205 3039 1310 3105 quatri-

131 3111 252 3180 duum
269 3145 294 3182 o.
334 3127 391 3181 ‘In
416 3128 597 3183 uetustissimo
620 3127 690 3181 libro
710 3124 941 3193 Quadriennium,
968 3128 1192 3195 quemadmodum
1210 3128 1310 3196 paucis

131 3213 218 3264 P⁰⁸t
244 3218 336 3270 ambis
353 3219 452 3272 iterum
472 3238 477 3269 :
497 3217 527 3270 id
545 3232 595 3269 ooo
613 3221 732 3270 erratum
751 3215 863 3268 librarii
881 3215 1059 3282 patoar'mus'
1084 3215 1222 3269 Victorias

138 3291 158 3339 5
177 3297 348 3360 siuensunt
362 3308 389 3359 A
408 3323 476 3359 corr.
497 3303 594 3358 sineris
612 3302 654 3357 A²
709 3304 774 3372 post
792 3302 1004 3371 quadriennium
1015 3303 1074 3357 PR
1093 3305 1159 3373 posi
1177 3303 1310 3371 quadien-

141 3377 243 3445 nium
262 3396 289 3448 A
307 3397 372 3464 post
390 3395 605 3464 quatriduumo
680 3392 709 3446 in
729 3409 846 3446 cuneum
866 3391 956 3445 PAR
974 3392 1003 3444 in
1022 3393 1165 3447 culeumo
1238 3410 1310 3447 com·

149 3478 263 3538 ronico
288 3484 376 3538 VAR
458 3484 487 3536 et
503 3482 639 3552 instipaho
658 3482 812 3548 Incendere,
831 3481 860 3534 et
878 3481 983 3552 instipa
1003 3481 1094 3550 PAR
1113 3481 1188 3536 etin
1207 3497 1309 3551 sapae

235 3573 304 3626 7R.
325 3571 424 3627 CXXII
444 3571 546 3626 Vinum
574 3571 597 3625 si
626 3571 703 3626 uoles
732 3569 897 3625 concinnare
920 3570 1077 3640 (concinare
1096 3571 1134 3639 A)
1159 3572 1191 3624 ut
1213 3571 1309 3623 aluum

162 3642 269 3714 honam
288 3661 374 3716 faciat
392 3661 473 3715 APb
493 3661 596 3715 Vinum
616 3660 640 3714 si
657 3660 737 3714 uoles
756 3658 921 3713 concinnare
940 3660 976 3713 ad
995 3660 1124 3714 aluumo
1196 3664 1212 3712 8
1232 3657 1309 3711 uide-

171 3738 254 3802 fflistm
270 3750 298 3803 A
378 3750 582 3817 aablaqueaho
607 3749 674 3816 Vhf
687 3746 855 3816 albaqueaho
874 3748 901 3802 A
920 3748 1124 3816 oblaqueatoc
1201 3747 1309 3802 radices

120 3863 124 3870 ·
177 3828 235 3885 haio
254 3838 460 3904 circumscepta,
479 3838 525 3892 sed
543 3837 626 3891 deleto
646 3837 712 3891 dato
730 3835 758 3888 A
876 3835 981 3890 ueratri
1005 3838 1059 3900 atri
1081 3837 1188 3892 radices
1209 3838 1309 3892 Ponte-

182 3920 236 3975 Vtta
249 3944 277 3995 p.
297 3933 342 3993 70,
361 3926 468 3982 ueratri
486 3925 592 3980 radices
614 3925 703 3980 VAR
795 3930 826 3977 12
846 3923 990 3978 circddato
1009 3924 1056 3979 Ac
1079 3925 1240 3980 circundaho
1264 3926 1309 3980 Vb

185 4016 212 4067 14
226 4027 257 4068 ne
275 4017 455 4072 commisceas
474 4016 501 4069 R
519 4033 554 4070 ne
573 4015 723 4069 comisceas
741 4014 769 4067 A
787 4030 839 4068 nec
857 4012 1038 4067 commisceas
1063 4013 1088 4065 V
1158 4013 1267 4066 caetero
1286 4012 1313 4065 V

189 4105 216 4159 15
231 4109 331 4172 aratum
350 4106 401 4173 Af
414 4104 545 4174 cyathum
570 4104 612 4158 Vc
631 4102 770 4158 ciatumb
861 4108 893 4156 16
913 4117 1009 4156 cenam
1027 4101 1077 4154 Ac
1096 4115 1193 4171 equam
1212 4100 1227 4153 b
1247 4116 1308 4154 coe-

189 4205 239 4252 nam
258 4193 283 4246 V
557 4202 558 4205 ’

245 4288 272 4337 tr
291 4285 323 4341 R.
345 4283 457 4338 CXXIII
475 4285 507 4337 In
524 4284 621 4337 uinum
641 4282 760 4336 minium
774 4280 879 4336 ueratri
893 4278 984 4334 atriA
1016 4279 1048 4333 In
1062 4278 1166 4333 Vinum
1186 4282 1308 4335 mustum

189 4372 273 4432 ueratri
290 4373 345 4428 atri
366 4373 412 4427 Ph
431 4372 533 4427 Vinum
552 4373 589 4426 ad
606 4371 702 4426 aluum
720 4371 921 4426 mouendamo
1001 4367 1102 4423 ooiciho
1122 4368 1220 4424 PAbc
1245 4387 1308 4424 con-

184 4461 280 4527 attor
352 4461 505 4533 anphoram
524 4463 551 4514 A
