3000 5026
213 318 279 384 230
703 315 891 371 vnaaours

214 506 247 547 ac
272 485 377 566 salem,
405 503 479 564 quae
505 493 636 545 servaret
660 502 788 544 carnem.
834 502 850 543 e
875 485 941 562 quis
965 484 1113 544 succidias
1137 483 1211 543 Galli
1235 485 1365 562 optimas

215 601 244 653 et
266 595 408 652 maximas
432 593 529 652 iacere
553 600 744 652 consuerunt.
791 592 970 668 optimarum
995 594 1126 672 signum,
1155 590 1234 670 quod
1260 592 1364 651 etiam-

215 718 286 760 num
311 700 469 777 quotannis
493 717 508 757 e
533 698 623 758 Gallia
648 699 843 776 adportantur
866 698 989 758 Romam
1014 717 1123 776 pernae
1148 699 1312 758 comatinae
1334 704 1366 758 et

169 812 342 868 llcauarae
376 814 405 865 et
437 807 613 883 petasiones
664 806 699 864 de
732 805 934 883 magnitudine
962 804 1133 884 gallicarum
1162 803 1366 864 succidiarum

215 914 285 974 Cato
311 912 415 972 scribit
439 911 485 971 bis
510 911 615 992 verbis,
641 897 692 972 ‘in'
706 911 787 972 Italia
811 915 842 972 in
863 912 984 972 scrobes
1003 920 1087 972 terna
1107 919 1195 990 atque
1220 918 1367 990 quaterna
1395 937 1409 975 a

216 1020 294 1080 milia
319 1018 395 1080 aulia
420 1019 551 1079 succidia
574 1037 591 1076 a
615 1037 686 1078 uere
711 1037 762 1078 sus
786 1037 880 1097 usque
905 1019 977 1078 adeo
999 1018 1206 1097 pinguitudine
1226 1035 1367 1078 crescere

217 1126 305 1205 solet,
334 1134 366 1186 ut
395 1144 426 1186 se
455 1128 517 1204 ipsa
547 1133 627 1184 stans
656 1127 804 1186 sustinere
830 1144 888 1185 non
912 1127 1006 1204 possit
1030 1144 1126 1204 neque
1150 1124 1292 1204 progredi
1317 1143 1367 1184 us-

216 1252 312 1313 quam.
363 1235 463 1310 itaqne
497 1250 546 1314 eas
579 1234 672 1312 sicpris
705 1251 763 1319 φο
793 1234 917 1314 traicere
945 1230 1037 1333 pectet,
1066 1234 1113 1314 ip
1125 1231 1292 1313 plaustpum
1322 1233 1366 1292 in·

216 1335 319 1428 ponit?
365 1342 396 1410 in
425 1337 563 1416 Hispania
593 1337 735 1398 ulteriore
767 1341 798 1399 in
823 1339 973 1399 Lusitania
1005 1337 1187 1418 [ulteriore],
1216 1357 1268 1399 sus
1297 1357 1367 1399 cum

217 1455 297 1506 esset
320 1436 452 1526 occisus,
481 1444 586 1505 Atilius
611 1445 829 1526 Hispaniensis,
857 1448 977 1506 minime
1000 1445 1125 1505 mendax
1150 1454 1180 1505 et
1203 1445 1366 1506 muitarum
1383 1469 1408 1506 ro

217 1572 318 1613 rerum
346 1554 461 1630 peritus
484 1554 514 1611 in
539 1552 686 1632 doctrina,
715 1552 832 1613 dicebat
855 1553 887 1613 L.
914 1551 1066 1612 Volumnio
1091 1554 1222 1613 senatori
1246 1554 1367 1612 missam

218 1679 283 1720 esse
316 1659 433 1719 oiiulam
462 1677 530 1719 cum
558 1658 672 1749 duabus
702 1662 806 1741 costis,
839 1679 913 1738 quae
943 1660 1087 1737 penderet
1114 1667 1177 1720 tres
1205 1668 1236 1720 et
1263 1660 1369 1737 rIginti

218 1766 329 1846 pondo,
357 1769 481 1844 eiusque
510 1767 572 1825 suis
602 1784 618 1825 a
647 1774 714 1826 cute
742 1767 778 1826 ad
808 1785 841 1826 os
865 1767 969 1845 pedem
994 1774 1024 1826 et
1047 1774 1108 1826 tres
1132 1767 1241 1845 digitos
1265 1767 1367 1826 fuisse.

173 1877 211 1933 12
227 1874 282 1934 Cui
309 1892 376 1952 ego,
403 1873 467 1932 Non
496 1873 593 1931 minus
617 1891 665 1932 res
690 1873 859 1934 admiranda
883 1891 951 1933 cum
975 1875 1016 1932 mi
1039 1881 1118 1932 esset
1141 1873 1233 1952 dicta,
1262 1875 1293 1932 in
1316 1873 1368 1932 Ar·

220 1980 302 2040 cadia
327 1981 388 2039 scio
412 1998 458 2038 me
478 1981 537 2038 isse
557 1988 721 2058 spectatum
742 1998 834 2060 suem,
858 1998 932 2058 quae
953 1997 1022 2057 prae
1042 1979 1251 2057 pinguitudine
1271 1981 1367 2039 carnis
1381 1998 1403 2037 n

221 2106 279 2147 non
312 2086 399 2147 modo
433 2104 556 2164 surgere
591 2104 650 2146 non
684 2095 798 2167 posset,
832 2087 884 2146 sed
913 2088 1000 2146 etiam
1029 2094 1062 2146 ut
1090 2088 1121 2145 in
1149 2087 1215 2146 eius
1244 2104 1368 2166 corpore

221 2212 309 2253 sorex
334 2211 420 2253 exesa
445 2211 533 2253 carne
554 2193 655 2253 nidum
676 2194 795 2254 iecisset
815 2202 843 2254 et
862 2195 1028 2272 peperisset
1048 2210 1156 2252 mures
1203 2191 1261 2253 boc
1281 2195 1364 2252 etiam

221 2303 251 2360 in
277 2303 372 2360 vineta
397 2301 506 2359 iactum
532 2302 642 2377 accepi.

175 2411 214 2467 13
316 2407 373 2467 Sus
406 2406 441 2465 ad
474 2406 599 2465 feturam
634 2425 707 2485 quae
741 2409 779 2466 sit
808 2406 945 2487 fecunda,
978 2407 1217 2466 animadvertunt
1245 2407 1308 2467 iere
1336 2424 1364 2466 er

224 2515 319 2592 primo
343 2520 443 2591 partu,
469 2511 545 2589 quod
572 2529 630 2570 non
655 2512 779 2572 multum
803 2515 833 2571 in
858 2512 981 2590 reliquis
1005 2519 1108 2574 mutat.
1154 2515 1185 2573 in
1208 2515 1476 2595 nutricatu&⁴2⁰

222 2638 310 2699 quam
334 2618 568 2696 porculationem
592 2617 747 2700 appellant,
772 2618 850 2678 binis
874 2619 1026 2680 mensibus
1049 2638 1157 2699 porcos
1181 2621 1285 2681 sinunt
1305 2636 1368 2680 curn

226 2813 437 2821 ————-—-

295 2939 308 2986 1
329 2933 454 2986 seruaret
478 2932 534 2985 VB
553 2938 698 2986 seruarent
715 2932 743 2986 A
815 2933 936 3002 optimas
956 2933 1077 3003 optimas
1093 2935 1097 3003 Ι
1114 2934 1144 2989 et
1162 2933 1312 3001 maximas,
1331 2939 1469 2992 se—rt

221 3024 369 3091 posteriore
383 3023 440 3076 loeo
455 3021 576 3090 optimas
595 3023 708 3076 deletum
723 3022 750 3076 A
822 3025 1020 3076 beonsuernnt
1034 3023 1090 3076 PA
1103 3027 1315 3077 *consueuerant
1328 3021 1367 3076 B
1457 3041 1470 3076 o

294 3109 449 3164 etiamnum
472 3110 546 3178 quod
570 3110 651 3163 annis
672 3109 732 3164 PA
755 3110 840 3164 etium
863 3128 921 3164 nun
944 3111 1123 3179 quodannis
1141 3111 1169 3163 B
1194 3109 1283 3164 etiam
1305 3123 1472 3164 nux-c

224 3197 412 3266 quotanniso
503 3205 518 3252 3
549 3199 734 3267 adportantur
757 3197 814 3250 PA
842 3199 1026 3268 apportantur
1053 3199 1101 3253 Bo
1194 3198 1318 3253 ‘Parcae
1351 3194 1469 3265 ΓΙ.

225 3288 343 3356 Pernae,
376 3290 447 3356 quod
474 3293 512 3341 est
538 3289 570 3341 e'n
597 3289 714 3342 editione
744 3286 876 3356 Victorii]
903 3286 1076 3354 tomacinae‚
1105 3287 1134 3342 et
1161 3286 1317 3342 taniatae.
1349 3283 1468 3336 En

224 3377 325 3444 optimo
361 3377 444 3442 libro,
482 3374 657 3441 Comminus,
694 3376 723 3428 et
759 3377 875 3428 conatae
895 3397 903 3428 :
921 3377 993 3455 nent
1023 3382 1115 3430 tamen
1145 3376 1276 3430 uariaui’
1317 3372 1464 3430 1⁷30-

225 3466 312 3519 tom'us
385 3464 541 3518 comatinae
566 3467 594 3517 et
618 3480 734 3517 cauarae
756 3463 813 3516 PB
837 3465 975 3517 comatine
1000 3466 1029 3518 et
1047 3480 1149 3519 cauare
1167 3464 1195 3516 A
1214 3463 1459 3519 sommium-e

226 3556 254 3607 et
276 3554 403 3608 taniacae
428 3571 444 3607 o
517 3558 532 3605 'i
561 3551 698 3606 saratinere
726 3552 781 3606 VA
805 3552 960 3606 substinere
980 3553 1008 3606 B
1080 3559 1096 3607 8
1124 3553 1285 3622 plaustrum
1304 3547 1391 3608 A*
1435 3564 1456 3600 m

226 3642 362 3710 plastrum
383 3640 475 3695 PAB
494 3640 631 3709 plostrum
649 3657 666 3694 o
755 3639 865 3711 inponit
884 3641 911 3693 A
930 3639 1051 3709 imponit
1068 3641 1096 3694 B
1113 3640 1208 3711 iponit
1230 3641 1258 3695 V
1396 3639 1450 3687 :11

226 3729 369 3784 uolnmnio
386 3729 440 3783 Vm
452 3727 662 3782 calumnioAB
702 3735 734 3783 12
745 3729 1047 3784 costisoeoctisPAB
1086 3736 1118 3784 13
1129 3746 1193 3784 sues
1204 3746 1275 3787 corr.
1286 3720 1448 3786 suisset

300 3824 333 3871 14
352 3835 415 3870 cum
435 3815 474 3870 mi
493 3818 567 3872 esset
580 3818 638 3871 PB
658 3835 720 3872 cum
738 3817 778 3871 mi
797 3835 856 3873 esse
870 3818 898 3873 A
917 3836 979 3872 cum
998 3817 1068 3872 mihi
1088 3820 1190 3873 easeto
1267 3825 1301 3874 lb
1326 3817 1446 3870 iasa

233 3905 350 3960 mainus
368 3922 428 3960 esse
449 3906 537 3961 VAB
592 3912 624 3959 16
645 3907 693 3959 sed
713 3906 799 3961 etiam
818 3910 849 3960 ut
868 3906 897 3960 in
917 3908 975 3960 eius
990 3907 1050 3959 AB
1065 3906 1115 3960 sed
1129 3905 1216 3962 etiam
1230 3907 1261 3962 in
1276 3910 1380 3964 aius
1425 3897 1447 3951 P

228 3994 277 4048 sed
295 3992 324 4048 in
343 3994 401 4048 eius
415 4014 432 4049 o
506 4000 538 4049 18
557 3994 585 4047 in
605 3994 701 4049 uineta
722 3996 809 4049 VAB
823 3996 853 4048 in
866 3997 984 4050 iuuenca
997 4013 1023 4050 m
1038 3996 1187 4050 Iucundos
1201 3996 1246 4050 ‘In
1262 3990 1442 4052 uineta·

229 4083 399 4139 Communem
422 4087 559 4140 lectionem
577 4102 692 4154 nonnam
717 4087 868 4155 {oleamque
882 4087 1000 4155 putaui,
1023 4087 1137 4155 ideoque
1155 4091 1272 4141 ueterem
1290 4074 1441 4142 affl?

228 4180 319 4229 turam
346 4192 473 4243 reponere
495 4176 591 4228 mutui.
611 4206 646 4214 -
666 4174 721 4229 Pro
746 4173 861 4242 Vineta,
889 4177 1005 4242 sortasse
1028 4174 1149 4242 Veneta,
1179 4181 1229 4230 aut
1253 4176 1394 4231 Vsu&
1408 4159 1442 4214 fii

227 4264 397 4317 scribendum
415 4264 463 4317 est’
491 4264 628 4318 Victorius

337 4358 369 4404 19
398 4352 433 4403 ad
461 4352 582 4406 feturam
606 4351 679 4405 ΒΑ2
706 4351 743 4405 ad
770 4350 907 4406 tecturam
929 4352 988 4405 Am
1018 4352 1054 4419 ad
1076 4351 1213 4407 foeturam
1244 4351 1272 4405 V

229 4439 366 4494 foecunda
390 4439 416 4492 V
485 4447 518 4494 21
538 4440 683 4510 appellant
707 4442 824 4496 Ursinus
842 4441 1025 4510 appellabant
1047 4439 1136 4494 VAB
