3000 5026
386 339 515 395 RERVM
533 339 769 396 nvsrionnvm
788 340 856 396 LIB.
875 341 888 393 I
908 343 984 400 3-5
1202 342 1265 406 133
1378 390 1380 394 .

119 507 200 568 aliud
224 517 270 568 est
293 488 381 587 atlyue
405 507 467 568 alea
490 507 601 567 domini
620 511 695 568 vitae
715 528 749 569 ac
767 511 811 569 rei
831 509 989 570 familiaris.
1035 519 1091 571 nee
1110 510 1182 571 haee
1202 516 1291 572 nonA

119 615 305 674 deminuitur
333 616 464 675 scientia.
515 616 553 674 ita
583 617 660 675 enim
689 615 861 697 salubritaS,
890 635 964 695 quae
993 617 1112 677 ducitur
1141 637 1156 677 e
1185 618 1265 678 caelo

120 742 154 783 ac
180 731 273 803 terra,
300 741 360 782 non
384 729 429 782 est
452 723 483 781 in
507 730 608 782 nostra
631 730 792 803 potestate,
821 723 872 783 sed
897 725 927 783 in
951 731 1086 805 naturae,
1110 733 1144 784 ut
1168 735 1265 786 tamen

118 829 248 890 multum
271 831 364 889 sitin
387 828 481 907 nobie,
506 847 564 906 quo
587 831 721 906 graviora
746 848 820 908 qnae
845 837 915 890 sunt
934 849 967 890 ea
987 831 1136 909 diligentia
1155 831 1265 891 leviora

87 937 219 997 efacere
251 937 409 1014 possimus,
460 936 569 995 etenim
602 938 628 994 si
660 944 782 1016 propter
815 945 925 996 terrain
953 946 1004 997 aut
1032 956 1136 1016 aqttam
1165 938 1264 1018 odore,

119 1061 208 1122 quem
242 1042 340 1121 alique
368 1042 432 1103 loco
461 1050 589 1123 eructat,
621 1043 807 1121 pestilentior
835 1051 881 1104 est
908 1037 1031 1124 fundus,
1064 1054 1114 1104 aut
1141 1052 1264 1124 propter
1373 1052 1375 1057 ’

119 1149 194 1209 caeli
218 1151 370 1227 regionem
392 1136 463 1226 ¹ager
487 1149 609 1210 calidior
633 1153 679 1231 sit,
703 1160 754 1211 aut
777 1160 882 1211 ventus
907 1168 965 1210 non
989 1150 1085 1210 honus
1109 1151 1167 1231 ilet,
1191 1151 1263 1211 haee

118 1257 188 1316 vitia
217 1256 369 1326 emendari
392 1255 488 1316 solent
511 1257 623 1317 domini
645 1259 769 1318 seientia
793 1277 826 1319 ac
850 1267 984 1339 sumptu,
1008 1258 1086 1338 quod
1110 1260 1263 1337 permagni

116 1365 255 1444 interest,
279 1362 336 1423 ube
361 1365 421 1422 sint
443 1365 555 1441 positae
580 1362 673 1445 villae,
698 1372 824 1443 quantae
847 1368 915 1446 sint,
939 1384 997 1444 quo
1018 1374 1153 1444 spectent
1171 1369 1262 1444 perti-

69 1482 98 1520 10
116 1469 217 1550 citus,
245 1471 329 1530 ostiis
354 1489 387 1529 ac
416 1469 564 1530 fenestris.
614 1475 662 1531 an
679 1489 738 1531 non
767 1471 815 1532 ille
844 1472 1038 1551 Hippocrates
1067 1473 1199 1533 medicus
1227 1476 1288 1536 1115

115 1594 222 1654 magna
250 1575 418 1664 pestilentia
446 1595 505 1636 non
534 1595 626 1636 unum
655 1596 771 1656 agrurn,
805 1579 856 1639 sed
885 1579 976 1640 nrnlta
1005 1580 1111 1659 oppida
1140 1582 1263 1639 scientia

115 1679 267 1743 servavit?
317 1683 368 1744 sed
397 1684 468 1762 quid
497 1702 551 1762 ego
578 1684 661 1744 illum
691 1669 771 1745 voco'
791 1686 827 1746 ad
856 1683 1080 1747 testimonium?
1127 1705 1186 1746 non
1214 1686 1263 1746 hie
1363 1757 1365 1759 y

115 1789 209 1850 Varro
237 1798 353 1872 noster,
381 1809 449 1852 eum
473 1789 618 1869 Corcyrae
647 1801 726 1851 esset
749 1795 899 1853 exereitus
923 1812 956 1853 ac
980 1793 1083 1854 classis
1107 1803 1137 1853 et
1160 1812 1263 1853 omnes

114 1897 223 1958 domus
256 1897 386 1976 repletae
419 1905 519 1958 essent
552 1900 680 1976 aegrotis
704 1919 737 1959 ac
762 1899 930 1980 funeribus,
963 1901 1094 1960 inmissis
1123 1901 1262 1960 fenestris

66 2013 95 2054 ¹⁶
112 2007 200 2064 novis
237 2003 373 2082 aquilone
411 2012 441 2064 et
478 2005 640 2065 obstructis
678 2006 885 2084 pestilentibus
915 2009 1062 2085 ianuaque
1094 2013 1261 2085 permutata

109 2118 273 2190 ceteraque
300 2113 365 2172 eius
393 2113 510 2190 generis
539 2111 690 2190 diligentia
719 2131 787 2172 suos
812 2115 935 2173 comites
959 2131 992 2173 ao
1018 2111 1157 2172 familiam
1180 2113 1260 2171 inco-

108 2217 212 2278 lumes
234 2215 375 2278 reduxit?
1001 2284 1026 2295 m

206 2323 263 2384 Sed
292 2326 430 2403 quoniam
459 2328 521 2404 agri
549 2325 682 2386 culturae
711 2325 788 2405 qnod
814 2335 893 2387 esset
917 2325 974 2404 [id]
998 2327 1115 2386 initium
1140 2335 1169 2385 et
1192 2324 1301 2385 tinisV

110 2431 186 2512 dixi,
209 2429 389 2508 relinquitur
413 2439 485 2509 quot
508 2440 608 2510 partes
629 2451 662 2493 ea
682 2432 837 2512 disciplina
857 2434 963 2494 haheat
984 2441 1016 2493 ut
1035 2435 1073 2492 sit
1092 2433 1260 2492 videndum.

64 2548 93 2587 2⁰
110 2537 263 2616 Equidem
290 2537 521 2598 innumerabiles
550 2539 632 2599 mihi¹
651 2540 802 2620 videntur,
830 2542 928 2619 inquit
952 2541 1071 2621 Agrius,
1100 2557 1167 2599 eum
1196 2539 1260 2616 lego

110 2644 210 2706 libros
233 2644 431 2722 Theophrasti
454 2644 625 2725 conplures,
655 2649 706 2725 qui
729 2646 937 2707 inscribuntur
961 2651 1063 2725 φυτῶν
1082 2647 1208 2726 ἱστορίας
1231 2654 1261 2705 et

111 2751 204 2813 alteri
230 2754 362 2830 φυτικῶν
389 2751 497 2812 αἰτίων.
545 2751 639 2831 Stolo,
667 2751 733 2832 isti,
761 2754 871 2832 inquit,
900 2752 969 2835 lihri
992 2772 1051 2843 non
1075 2762 1133 2844 tam
1157 2753 1285 2813 idonei2
1335 2746 1340 2752 ’

189 3015 204 3063 1
223 3010 285 3065 nea
298 3027 314 3065 v
329 3010 385 3066 uta
398 3010 488 3063 PAR
547 3007 694 3087 educitur
706 2974 840 3062 1111111
853 3008 944 3063 nnn
998 3010 1146 3063 sonorem
1168 3010 1260 3064 PAR

108 3099 265 3156 odoremus
283 3116 317 3177 o,
372 3105 387 3152 6
413 3097 520 3169 aliquo]
545 3095 617 3151 alico
636 3097 664 3151 A
737 3103 751 3152 't
772 3095 890 3152 calidior
908 3098 945 3151 sit
968 3098 1025 3152 VB
1044 3097 1159 3152 calidior
1181 3099 1214 3151 fit
1232 3099 1259 3151 A

186 3223 235 3278 flet
252 3240 268 3278 o
287 3224 337 3278 fiet
354 3222 444 3278 PAB
517 3221 628 3291 equod
646 3199 744 3292 lisigni
762 3222 789 3275 A
862 3224 950 3277 9ube
964 3223 992 3276 P
1009 3222 1061 3277 ube
1080 3240 1149 3278 corr.
1169 3223 1218 3277 ubi
1232 3224 1259 3276 A

106 3312 164 3367 ubi
177 3312 207 3367 Β
224 3312 381 3368 utibenoo
453 3312 581 3380 spectent
594 3328 610 3364 o
625 3313 754 3380 spectant
769 3312 860 3366 PAR
934 3317 967 3365 10
982 3311 1059 3366 ostiis
1079 3311 1216 3367 Vhostiis
1231 3314 1258 3365 A

106 3400 233 3456 hoostiis
248 3402 279 3457 Β
353 3407 384 3455 11
410 3398 527 3455 scientia
547 3400 761 3469 superscriptum
779 3401 811 3453 iu
829 3398 856 3452 A
930 3406 962 3453 12
986 3401 1053 3470 quid
1072 3416 1124 3470 ego
1143 3418 1213 3456 uoco
1232 3405 1258 3455 A

107 3507 184 3548 corr.
209 3490 276 3559 qnid
300 3507 363 3545 eum
387 3507 438 3559 ego
461 3506 531 3544 uoco
555 3487 596 3541 A²
669 3495 701 3541 13
730 3505 763 3542 ee
786 3488 884 3544 classis
908 3489 968 3543 AB
997 3490 1025 3542 et
1044 3489 1139 3542 elassis
1164 3490 1190 3541 V

109 3585 149 3635 14
168 3578 290 3648 aegrotis
310 3580 403 3634 essent
421 3596 490 3633 corr.
510 3577 604 3632 essent
621 3577 745 3645 aegrotis
763 3577 791 3631 Β
863 3577 985 3632 inmissis
1002 3579 1030 3631 A
1049 3577 1179 3632 immissis
1201 3577 1258 3631 PB

106 3665 241 3724 immisso
260 3684 275 3722 o
348 3669 382 3722 15
400 3667 480 3722 nouis
500 3669 529 3734 et
551 3665 580 3735 ol
596 3665 726 3738 aquilone
801 3672 833 3719 lo
853 3667 1019 3737 caeteraque
1040 3668 1066 3721 V

187 3762 221 3812 18
249 3755 304 3810 Sed
331 3755 477 3826 quoniam]
505 3755 546 3811 De
573 3754 699 3854 partibus
726 3755 758 3809 in
784 3756 908 3824 margine
935 3758 1048 3812 rubrica
1066 3757 1093 3810 A
1183 3756 1259 3825 quod

106 3847 188 3903 esset
213 3843 325 3899 initium
348 3845 494 3899 ludendos
574 3843 689 3898 inicium
710 3845 735 3897 A
807 3843 920 3898 etfinis
944 3844 1000 3898 VA
1024 3863 1056 3900 ae
1079 3845 1142 3899 finis
1160 3847 1188 3901 Β

110 3943 148 3992 19
177 3936 249 4005 quot
273 3937 402 4004 parteso
433 3936 507 4003 quod
534 3937 628 4005 partes
650 3934 677 3987 P
706 3933 779 4003 quod
806 3934 900 4002 patres
928 3950 995 3988 corr.
1019 3933 1094 4001 quod
1116 3937 1212 4001 partes
1231 3937 1258 3987 A

107 4024 191 4097 quod
218 4025 313 4093 partes
332 4023 360 4077 Β
436 4029 469 4078 20
497 4023 582 4078 michi
600 4024 628 4077 B
704 4021 796 4092 inquit
820 4022 876 4076 VB
899 4020 996 4089 inquid
1018 4021 1046 4073 A
1119 4026 1151 4073 21
1178 4004 1257 4074 theo·

38 4176 48 4193 Ι
106 4111 212 4185 phrati
228 4111 256 4165 A
328 4111 484 4181 complures
508 4112 597 4166 VAB
677 4112 788 4181 phyton
815 4108 945 4166 historias
969 4111 998 4162 et
986 4107 1103 4163 talteri
1122 4109 1257 4177 physicon

105 4203 211 4260 aetion
240 4201 295 4256 VB
315 4200 415 4270 phiton
437 4200 575 4269 hystorias
595 4201 623 4254 et
642 4199 725 4254 alteri
743 4199 870 4268 phisioon
889 4198 983 4252 aetion
1002 4199 1037 4254 A.
1076 4195 1167 4263 Qui'
1160 4197 1256 4252 mseri-

104 4292 219 4350 bnntur
237 4309 333 4360 perne
349 4286 478 4359 ἱστορίας.
512 4289 547 4342 Ε1
566 4289 647 4343 alteri
662 4295 788 4358 φυτικῶν
802 4285 907 4342 αἰτιων.
946 4287 1027 4342 Vetus
1041 4289 1106 4341 hoec
1119 4291 1157 4341 est
1171 4287 1232 4341 leet'
1209 4291 1257 4354 teo,

106 4401 143 4440 m
163 4396 270 4453 porum
287 4380 394 4448 quidem
413 4397 430 4432 a
448 4379 526 4432 nobis
544 4379 714 4433 intractata’
724 4378 808 4432 Victor
772 4380 859 4432 torius
932 4383 965 4432 22
984 4378 1076 4432 stolon
1094 4377 1143 4431 isti
1167 4374 1256 4432 VAB

183 4466 279 4538 inquit
296 4468 321 4522 V
320 4470 348 4522 Β
366 4466 463 4536 inquid
481 4467 508 4521 A
