3000 5026
416 336 546 393 RERVM
563 335 801 391 RVSTIGARVM
819 335 885 388 LIB.
901 332 927 384 II
947 324 966 382 5
1199 325 1264 390 239

119 523 187 586 cus,
218 505 254 565 ad
278 507 418 565 matrices
445 518 518 566 Lxx
546 503 618 584 duo,
650 519 743 563 unum
771 499 955 578 anniculum,
988 496 1113 557 alterum
1142 493 1264 554 bimum.
1369 542 1372 547 .
1460 584 1468 599 .

119 610 191 670 haec
220 612 383 672 secundum
412 613 485 672 astri
513 618 650 671 exortum
678 608 766 688 lacto,
799 606 877 686 quod
907 605 1012 665 Graeci
1040 610 1145 664 vocant
1172 601 1265 680 lyron,

119 716 205 777 iidem
238 720 341 779 nostri.
387 726 451 778 tum
483 717 610 797 denique
638 724 739 776 tauros
767 715 797 773 in
826 731 945 790 gregem
973 710 1084 789 redigo.
1132 726 1195 768 mas
1223 708 1330 804 an13¹

120 823 225 885 semina
246 827 285 885 sit
303 833 455 904 concepta,
477 825 623 903 significat
642 823 787 883 descensu
807 831 920 900 taurus,
939 837 1007 879 cum
1026 820 1082 877 init
1098 815 1160 895 [si],
1177 815 1264 895 quod,

95 932 146 990 tsi
162 949 225 991 mas
243 940 297 1011 est,
315 935 346 992 in
366 933 565 993 dexteriorem
584 939 698 1010 partem
717 928 793 1010 abit3
812 930 837 988 si
857 928 974 1004 semina,
993 927 1023 984 in
1039 925 1263 984 sinisteriorem.

121 1055 173 1097 cur
200 1039 256 1099 hoc
285 1040 347 1120 liat,
377 1059 427 1100 vos
455 1039 599 1116 videritis,
629 1039 728 1117 inquit
756 1035 842 1115 mihi,
871 1037 922 1113 qui
944 1031 1134 1093 Aristotelem
1157 1029 1263 1107 legitis.

122 1162 179 1204 non
207 1147 338 1206 minores
366 1154 484 1224 oportet
511 1149 587 1207 inire
613 1145 721 1225 bimas,
750 1153 783 1204 ut
806 1144 910 1202 trimae
934 1142 1062 1220 pariant,
1090 1157 1125 1199 eo
1148 1137 1264 1215 melius,

122 1252 146 1310 si
168 1251 348 1330 quadrimae.
393 1231 553 1332 pleraeque
575 1255 696 1331 pariunt
713 1253 745 1311 in
765 1251 867 1310 decem
887 1267 988 1330 annos,
1012 1246 1156 1326 quaedam
1175 1247 1264 1305 etiam

122 1357 230 1435 plures.
280 1362 406 1420 maxime
439 1361 579 1421 idoneum
612 1367 730 1437 tempus
763 1357 799 1417 ad
832 1353 1060 1433 concipiendum
1088 1371 1103 1413 a
1132 1351 1265 1430 delphini

87 1479 109 1518 ro
123 1474 225 1525 exortu
257 1484 353 1544 usque
385 1466 421 1526 ad
449 1468 513 1527 dies
541 1465 733 1545 quadraginta
762 1472 813 1524 aut
839 1462 926 1542 paulo
954 1461 1031 1540 plus.
1082 1479 1156 1539 qnae
1185 1461 1264 1519 enim

121 1570 159 1630 ita
191 1580 406 1653 conceperunt,
439 1575 687 1652 temperatissimo
720 1573 789 1631 anni
817 1578 952 1649 tempore
980 1570 1108 1647 pariunt.
1159 1585 1264 1627 vaccae

118 1679 195 1738 enim
224 1678 376 1741 mensibus
404 1679 505 1741 decem
534 1687 604 1740 sunt
632 1687 814 1757 praegnates,
861 1679 896 1738 de
921 1677 1030 1756 quihus
1053 1675 1310 1740 admirandum14

119 1787 263 1864 scriptum
292 1788 405 1867 inveni,
432 1789 578 1866 exemptis
606 1786 753 1847 testiculis
782 1788 808 1846 si
838 1788 936 1847 statim
966 1786 1136 1864 admiseris,
1165 1786 1264 1844 statim

112 1894 284 1970 concipere.
309 1911 358 1953 eas
372 1895 455 1971 pasci
469 1904 587 1973 oportet
600 1893 673 1954 locis
684 1893 828 1954 viridibus
838 1902 868 1953 ct
879 1895 1007 1972 aquosis.
1031 1911 1134 1952 cavere
1146 1899 1264 1970 oportet

55 2010 85 2052 15
108 2013 157 2056 ne
170 2009 221 2059 aut
235 2002 390 2077 angustius
406 2008 485 2061 stent
499 2008 550 2060 aut
565 2001 709 2060 feriantur
724 2010 774 2061 aut
788 2010 975 2062 concurrant.
1005 2003 1104 2078 itaque
1120 2000 1198 2079 quod
1214 2017 1262 2058 eas

97 2112 226 2165 aestate
250 2107 351 2166 tabani
374 2108 523 2167 concitare
547 2106 643 2167 solent
666 2115 696 2167 et
718 2106 859 2167 bestiolae
884 2106 1027 2187 quaedam
1052 2107 1182 2166 minutae
1207 2104 1262 2165 sub

88 2211 209 2272 cauda
228 2212 274 2293 ali,
298 2231 335 2273 ne
354 2215 551 2295 concitentur,
568 2213 666 2292 aliqui
685 2213 781 2274 solent
800 2214 952 2274 includere
972 2216 1090 2293 saeptis
1136 2214 1174 2272 iis
1193 2210 1261 2272 sub·

80 2321 212 2379 sterni
230 2328 348 2398 oportet
367 2302 502 2381 frondem
522 2321 637 2381 aliudve
657 2323 728 2401 quid
748 2324 778 2382 in
798 2321 914 2402 cubilia,
934 2340 992 2400 quo
1007 2321 1126 2381 mollius
1141 2321 1261 2399 conqui-

72 2436 226 2487 escant.
249 2434 359 2487 aestate
375 2426 410 2486 ad
425 2446 530 2507 aquam
546 2428 752 2507 adpellcndum
766 2429 821 2511 bis,
835 2429 931 2489 hieme
946 2429 1045 2489 semel.
1069 2447 1137 2488 cum
1153 2430 1309 2505 parere15

18 2532 49 2571 20
67 2541 288 2613 coeperunt,
304 2534 467 2595 secundum
482 2535 598 2596 stabula
607 2535 746 2614 pabulum
759 2539 870 2597 servari
881 2545 998 2616 oportet
1008 2538 1166 2615 integrum,
1182 2535 1260 2613 quod

63 2640 304 2708 egredientes
324 2640 480 2719 degustare
499 2645 627 2720 possint:
647 2643 815 2704 fastidiosae
834 2647 912 2704 enirn
932 2645 1015 2705 liunt.
1057 2653 1086 2702 et
1105 2642 1260 2721 providen-

59 2735 198 2827 dum,
216 2766 275 2827 quo
291 2751 438 2828 recipiunt
453 2768 493 2829 se,
509 2768 545 2808 ne
561 2749 685 2827 frigidus
700 2749 783 2810 locus
798 2752 844 2810 sit.
878 2750 959 2828 algor
974 2753 1053 2811 enim
1068 2767 1117 2809 eas
1132 2757 1162 2808 et
1176 2748 1261 2807 lamis

56 2872 328 2896 N—

189 2971 203 3019 7
222 2982 280 3019 non
298 2965 418 3019 minores
437 2966 548 3033 oportet
565 2965 635 3019 inire
654 2964 743 3018 bimas
761 2980 871 3034 geopon.
892 2964 994 3017 XVII
1012 2969 1047 3017 10

57 3072 327 3102 'N—

197 3170 306 3226 ILXX
324 3171 379 3225 duo
400 3170 492 3223 PAB
512 3169 692 3239 septuaginta
710 3168 814 3224 duoso
896 3167 1001 3222 2fatio
1020 3169 1048 3221 A
1133 3168 1213 3234 lyran
1233 3168 1260 3220 Β

61 3238 185 3312 titan
200 3258 330 3329 Alyram
351 3260 377 3313 V
446 3259 645 3314 4foeminaV
715 3259 849 3313 descensu
863 3275 879 3312 o
894 3256 1022 3312 dissensu
1034 3256 1124 3311 PAR
1197 3273 1258 3313 cum

67 3361 153 3429 init
177 3385 239 3440 PB
259 3363 573 3439 claircissement
590 3402 605 3438 a
669 3384 781 3452 siquod
797 3383 821 3436 a
836 3384 924 3438 Pas
939 3382 1076 3452 siquidem
1091 3381 1115 3435 a
1128 3381 1189 3436 Ara

73 3457 337 3528 bdesteriorem
356 3473 383 3525 Β
454 3472 578 3528 foemina
600 3472 626 3526 V
695 3473 824 3542 dinquit
841 3474 889 3529 Bo
907 3473 1005 3542 inquid
1026 3472 1084 3527 ΡΑ
1155 3471 1259 3526 Aristo·

75 3541 199 3616 belem
225 3563 250 3615 V
272 3561 415 3615 aristolam
434 3563 461 3614 A
486 3561 620 3616 aristoles
637 3563 665 3614 Β
684 3559 851 3616 aristotilem
869 3580 896 3616 ta
968 3569 984 3617 8
1008 3562 1153 3616 indecem
1172 3577 1259 3614 annos

81 3627 263 3706 [musaea
293 3650 320 3703 a
346 3650 442 3705 aecem
466 3651 545 3704 annas
567 3651 628 3704 Aa
650 3651 678 3703 in
702 3649 812 3706 decimo
836 3669 907 3706 anno
934 3652 961 3705 V
1047 3657 1063 3705 e
1093 3670 1111 3705 a
1134 3645 1259 3719 delphini

83 3731 212 3793 e'‘Ortu
223 3740 360 3795 oPliaias
373 3738 457 3793 VIII
463 3744 526 3805 177,
541 3739 676 3808 adulpini
687 3740 812 3793 eamortu
821 3741 912 3794 PAB
968 3745 998 3794 11
1016 3742 1203 3810 conceperunt
1211 3740 1259 3792 Bo

86 3820 298 3900 00neiperuns
317 3829 375 3882 ΡΑ
431 3833 463 3881 12
482 3831 648 3898 praegnates
668 3828 696 3881 P
710 3832 859 3898 pregnates
874 3831 934 3883 AB
952 3833 1170 3900 praegnantesv
1227 3835 1259 3882 16

87 3893 212 3972 tabarri
231 3919 340 3972 aestate
359 3933 427 3972 corr.
447 3919 555 3971 aestate
572 3918 670 3972 tabani
687 3912 716 3971 Β
787 3920 838 3972 sub
857 3919 947 3973 cauda
965 3918 1015 3972 alii
1032 3937 1068 3974 ne
1088 3925 1132 3989 (ne
1151 3937 1200 3973 orn.
1221 3922 1258 3987 A)

91 3997 293 4063 ⁰⁰ncitentur
316 4005 402 4074 aliqui
421 4006 513 4059 solent
533 4006 624 4060 PAB
643 4007 694 4060 sub
714 4007 803 4061 cauda
821 4006 871 4060 alii
890 4025 925 4062 ne
944 4009 1119 4063 concitentur
1138 4008 1258 4061 solento

93 4078 159 4136 ⁸¹¹1)
183 4097 276 4152 canda
295 4111 330 4149 ne
349 4093 523 4149 concitentur
541 4095 630 4163 aliqui
645 4096 737 4150 solent
751 4097 897 4150 Iucundos
970 4101 1002 4149 17
1023 4097 1110 4164 septis
1129 4097 1156 4150 V
1224 4098 1258 4149 iis

93 4168 255 4241 ⁸¹¹b⁸terni
266 4186 295 4239 P
307 4183 342 4238 iis
357 4185 492 4239 substerri
501 4185 529 4239 B
544 4185 587 4239 his
597 4185 735 4240 substerni
746 4187 794 4239 Ao
832 4192 864 4239 19
881 4185 1079 4255 appellandum
1089 4203 1105 4240 o
1116 4185 1257 4254 appellan-

93 4243 177 4320 dnm
209 4275 300 4330 PAB
371 4275 469 4343 hyeme
499 4275 527 4327 P
597 4277 749 4344 coeperunt
775 4275 803 4328 P
833 4277 966 4343 ceperunt
993 4276 1020 4328 A
1053 4278 1204 4344 caeperunt
1231 4278 1259 4330 Β

10 4402 12 4409 .
93 4347 293 4438 &enarrate
352 4369 386 4416 20
405 4364 539 4433 papulum
558 4381 632 4419 corn·
646 4365 781 4434 pabulum
800 4366 828 4418 A
885 4370 918 4417 21
939 4365 1114 4434 egredientes
1132 4383 1149 4420 o
1167 4381 1258 4434 regre-

93 4419 223 4507 dlentes
240 4453 331 4507 PAB
402 4458 435 4506 22
455 4453 531 4533 quod
549 4452 689 4522 recipiunt
706 4454 734 4507 B

161 4544 234 4592 Caro
250 4563 282 4591 nn
296 4561 355 4591 naar
370 4562 389 4591 c.
1013 4551 1045 4599 16
