3000 5026
503 195 634 252 RERVM
652 195 888 252 nvsmcsuvu
910 198 977 252 LlB.
996 197 1022 250 Π
1042 191 1083 248 10
1317 194 1382 258 257

239 357 324 418 cibus
361 377 464 430 eorum
502 361 590 423 dehet
627 381 693 423 esse
730 364 877 424 interdius
914 365 1072 443 separatim
1109 365 1199 423 unius
1236 363 1380 440 cuiusque

239 462 366 544 [gisnes]
390 468 502 547 gregis,
526 473 714 547 vespertinus
737 472 768 531 in
791 489 877 550 cena,
902 473 1046 549 quisunt
1069 469 1124 529 sub
1150 487 1208 529 uuo
1231 471 1382 547 magistro,

237 573 412 634 communis.
468 576 642 653 magistrum
678 578 835 655 providere
872 585 990 656 oportet
1023 584 1057 637 ut
1089 578 1187 636 omnia
1221 582 1384 654 sequantur

237 679 447 772 instrumenta,
480 699 555 760 quac
588 686 691 761 pecori
718 692 748 744 et
776 683 945 761 pastoribus
975 702 1049 764 opus
1078 691 1160 762 sunt,
1194 684 1318 742 maxime
1347 680 1382 740 ad

211 786 347 846 evictum
384 785 537 849 hominum
575 798 606 850 et
637 790 673 850 ad
707 790 883 851 medicinam
917 791 1073 871 pecudum.
1130 790 1165 849 ad
1199 808 1287 868 quam
1319 806 1383 847 rem

237 891 347 954 habent
374 894 504 955 iumenta
532 896 685 957 dossuaria
714 898 838 979 domini,
872 898 920 958 alii
948 917 1052 978 equas,
1085 897 1135 957 alii
1163 915 1216 976 pro
1244 898 1282 956 iis
1313 894 1383 974 quid

237 999 322 1078 aliut,
346 1000 425 1079 quod
449 1021 524 1064 onus
548 1003 636 1064 dosso
660 1005 739 1065 serre
763 1007 866 1084 possit.

325 1107 410 1179 Quod
434 1109 469 1169 ad
494 1111 620 1171 loturam
643 1112 801 1172 humanam
824 1116 954 1191 pertinet
976 1121 1137 1193 pastorum,
1162 1113 1213 1190 qui
1236 1111 1267 1168 in
1286 1107 1408 1168 fundos

237 1223 383 1294 perpetuo
405 1225 535 1296 manent,
558 1218 643 1279 lacile
668 1227 721 1300 ost,
747 1221 825 1298 quod
849 1220 959 1280 habent
982 1237 1154 1280 conservam
1179 1215 1305 1295 invilla,
1328 1232 1383 1274 uec

208 1320 292 1382 uhac
321 1340 414 1384 venus
443 1325 600 1402 pastoralis
623 1325 740 1405 longius
764 1327 834 1405 quid
859 1329 983 1406 quaerit.
1032 1328 1084 1406 qui
1106 1333 1205 1386 autem
1232 1320 1327 1400 [sunt]
1353 1322 1384 1379 in

237 1427 362 1490 saltibus
398 1438 429 1491 et
465 1431 651 1493 silvestribus
685 1432 758 1494 loeis
790 1443 917 1513 pascunt
949 1442 979 1494 et
1014 1452 1073 1494 uon
1106 1431 1186 1514 villa,
1223 1430 1275 1491 sed
1307 1429 1384 1488 casis

236 1538 401 1616 repentinis
425 1537 536 1600 imbres
560 1541 666 1620 vitant,
694 1542 730 1600 iis
754 1541 895 1602 mulieres
919 1542 1093 1621 adiungere,
1122 1558 1197 1618 quae
1221 1546 1384 1616 sequantur

235 1662 343 1724 greges
367 1664 400 1706 ac
425 1645 533 1706 cibaria
557 1647 728 1725 pastoribus
752 1650 909 1727 expediant
933 1667 1043 1726 eosque
1064 1647 1248 1708 adsiduiores
1267 1644 1384 1721 faciant,

234 1753 308 1813 utile
337 1751 474 1813 arbitrati
496 1753 591 1815 multi.
636 1754 688 1815 sed
712 1774 760 1816 eas
784 1756 925 1816 mulieres
948 1773 1013 1815 esse
1038 1762 1155 1833 oportet
1178 1755 1291 1830 firmas,
1319 1750 1408 1809 noni

183 1869 213 1909 ¹⁵
234 1869 356 1940 turpes,
386 1878 461 1939 quae
484 1863 514 1920 in
540 1880 629 1940 opere
653 1862 754 1923 multis
778 1862 949 1942 regionibus
973 1881 1032 1922 non
1055 1862 1165 1922 cedunt
1188 1861 1273 1936 viris,
1296 1863 1330 1916 ut
1353 1857 1384 1914 in

230 1967 354 2048 Illyrico
378 1969 488 2047 passim
512 1969 612 2028 videre
636 1969 714 2050 licet,
738 1971 816 2049 quod
840 1970 886 2030 vel
909 1987 1030 2049 pascere
1054 1987 1146 2048 pecus
1165 1966 1211 2026 vel
1230 1965 1266 2025 ad
1285 1965 1383 2023 iocum

227 2076 355 2137 adferre
383 2075 463 2154 ligna
490 2094 524 2136 ac
552 2075 651 2136 cibum
681 2095 809 2156 coquere
833 2076 878 2136 vel
902 2076 936 2136 ad
962 2095 1045 2136 cases
1068 2079 1298 2135 instrumentum
1323 2089 1384 2130 ser·

227 2201 306 2243 vare
329 2190 464 2262 possunt.
510 2182 546 2242 de
570 2185 719 2244 nutricatu
744 2183 800 2244 huc
823 2183 899 2265 dico,
923 2184 1040 2244 casdem
1064 2183 1126 2243 iere
1151 2189 1180 2241 et
1198 2181 1332 2241 nutrices
1351 2179 1410 2238 et8

226 2297 348 2349 matres
383 2286 511 2365 [semel].
562 2289 656 2349 Simul
689 2293 795 2369 aspicit
827 2290 861 2351 ad
894 2309 941 2350 me
970 2299 1013 2371 et,
1045 2289 1082 2350 Vt
1111 2299 1139 2350 te
1168 2288 1248 2349 audii
1276 2287 1385 2366 dicere,

161 2401 200 2441 2⁰
224 2396 350 2476 inquit,
383 2414 452 2455 cum
485 2397 515 2456 iu
543 2395 715 2457 Liburniam
749 2400 894 2479 venisseS,
926 2405 956 2458 te
984 2398 1093 2458 vidisse
1122 2405 1232 2457 matres
1261 2394 1385 2456 familias

222 2519 343 2562 eorum
384 2501 500 2563 adferre
542 2502 619 2582 ligna
661 2512 690 2563 et
732 2504 820 2565 simul
861 2523 984 2585 pueros,
1031 2523 1105 2583 quos
1146 2503 1273 2583 alerent,
1314 2501 1386 2562 alias

311 2785 325 2833 1
345 2779 483 2834 interdius
503 2780 591 2835 PAB
610 2779 731 2835 interdiu
749 2798 766 2834 v
837 2779 1054 2849 uniuscuiusque
1072 2779 1166 2849 gieues
1184 2777 1278 2849 gregis
1294 2777 1385 2831 PAB

220 2869 457 2937 uniuscuiusque
484 2869 579 2939 gregis
602 2887 649 2925 mu
757 2875 773 2923 2
801 2869 831 2923 in
860 2885 929 2923 cene
956 2870 1004 2939 qui
1032 2871 1096 2924 sunt
1118 2870 1145 2922 B
1173 2869 1202 2922 in
1235 2884 1305 2923 cena
1332 2884 1385 2935 que

223 2958 375 3013 suntAm
388 2957 417 3012 in
432 2974 519 3012 coena
533 2958 581 3027 qui
595 2959 632 3013 sit
645 2957 672 3011 V
723 2957 1208 3012 3oommuuisABocommunesP
1270 2974 1385 3026 sequun-

226 3041 287 3101 tur
300 3047 357 3101 VB
372 3049 505 3116 sequetur
519 3049 578 3102 Ans
631 3055 648 3101 4
663 3064 732 3117 opus
747 3049 811 3102 suut
821 3047 881 3100 AB
896 3063 964 3116 opus
980 3047 1036 3102 sint
1051 3046 1078 3100 V
1129 3055 1145 3102 6
1161 3047 1291 3102 dosuariu
1305 3048 1333 3102 A

224 3144 291 3197 Pro
304 3136 339 3190 iis
354 3137 423 3205 quid
437 3136 508 3190 aliut
521 3136 549 3188 P
559 3153 610 3206 pro
623 3135 658 3190 iis
672 3135 719 3205 qui
735 3134 812 3190 eliud
827 3136 886 3189 AB
899 3152 950 3204 pro
964 3134 1009 3190 his
1023 3134 1090 3203 quid
1105 3135 1212 3191 alinde
1272 3143 1287 3190 7
1303 3137 1384 3206 onus]

227 3230 313 3298 Oasis
330 3243 359 3298 A
377 3243 503 3298 homiues
522 3261 548 3298 m
620 3243 700 3298 dosso
726 3243 814 3296 VAB
833 3242 915 3297 dorso
933 3260 960 3298 ns
1032 3242 1121 3312 possit
1138 3261 1154 3298 o
1173 3242 1282 3312 possint
1298 3244 1387 3298 PAB

314 3339 330 3387 8
359 3333 399 3387 sd·
424 3332 544 3387 feturam
571 3333 599 3386 B
626 3331 814 3386 uicturam-A
842 3333 878 3387 ad
905 3333 1043 3387 lucturam
1071 3333 1098 3386 V
1174 3339 1206 3387 10
1234 3332 1344 3403 quaerit
1370 3350 1386 3386 o

232 3420 354 3483 quoeris
379 3423 470 3477 PAB
578 3427 610 3475 12
638 3422 673 3475 iis
697 3422 785 3476 PAB
813 3421 857 3475 his
884 3439 900 3475 u
1011 3429 1042 3477 13
1070 3420 1242 3476 adsiduiores
1265 3421 1293 3476 A
1320 3422 1387 3476 assi-

235 3500 355 3566 duiores
381 3511 436 3565 VB
528 3517 561 3564 14
584 3511 713 3565 erbritsti
731 3511 759 3565 A
846 3511 979 3566 mulieres
1003 3528 1063 3566 esse
1087 3513 1197 3581 oportet
1218 3512 1312 3566 firmes
1331 3511 1387 3566 PB

236 3597 375 3654 mulieres
404 3601 515 3670 oportet
542 3599 635 3653 firmus
658 3601 716 3654 Ant
744 3602 874 3655 mulieres
900 3601 994 3655 firmus
1023 3617 1081 3655 esse
1110 3603 1221 3670 oportet
1247 3619 1263 3656 o
1355 3608 1387 3656 15

240 3686 347 3742 cedrus
366 3689 484 3743 Ursinus
498 3689 599 3743 cedent
618 3687 706 3742 VAB
763 3695 795 3743 16
809 3687 918 3766 yllirico
934 3689 962 3742 B
1017 3694 1048 3744 1‘1
1060 3688 1169 3744 adferre
1179 3690 1207 3744 A
1221 3691 1318 3744 efferre
1333 3691 1388 3744 VB

303 3792 416 3846 coquere
431 3778 487 3831 PB
501 3793 641 3846 quoquere
656 3779 683 3832 A
697 3795 912 3845 conquaerereo
968 3783 1001 3831 19
1016 3778 1103 3832 semel
1117 3778 1200 3831 simul
1215 3779 1317 3847 aspicit
1331 3778 1388 3833 PB

246 3865 333 3919 semer
347 3868 430 3921 simul
444 3866 584 3937 accipitA
599 3867 681 3921 simul
696 3867 798 3936 aspicit
811 3884 827 3921 o
841 3867 1007 3921 Tremellius
1022 3866 1107 3919 simul
1121 3866 1223 3933 aspicit
1233 3868 1386 3921 Iucundos.

248 3941 307 4004 ‘In
321 3958 426 4025 optimis
446 3957 645 4026 encrnploribus
661 3973 797 4026 nusquam
814 3958 859 4011 tic
879 3956 1036 4011 Tremellius
1050 3976 1058 4008 :
1072 3956 1118 4009 sed
1131 3971 1186 4024 pro
1204 3955 1265 4022 illo,
1285 3955 1386 4009 Semel:

248 4029 340 4097 Seme
358 4044 442 4100 simu
461 4044 563 4112 aspicis
581 4045 617 4098 aa
631 4044 687 4098 ms
715 4045 852 4100 vecturus
924 4042 1002 4099 sucu
1020 4043 1112 4097 arcere
1134 4043 1191 4097 ΡΑ
1215 4043 1281 4098 auus
1299 4043 1329 4097 ia
1348 4044 1387 4097 u-

247 4136 313 4178 tere
327 4132 354 4186 B
372 4133 457 4188 audio
477 4132 602 4186 diceres
665 4140 699 4188 20
718 4133 810 4201 iuquit
829 4133 877 4188 Bo
895 4132 993 4202 inquid
1012 4133 1070 4187 PA
1128 4131 1335 4202 lybumiamV

246 4213 355 4349 ulenises
377 4223 404 4277 A
494 4227 527 4275 21
557 4221 666 4277 adferre
689 4224 715 4276 A
744 4224 842 4277 afferre
875 4224 897 4276 V
900 4222 927 4275 B
1016 4221 1124 4276 alerent
1152 4222 1177 4276 V
1203 4224 1312 4277 alerent
1330 4222 1389 4276 AB

246 4308 375 4366 luerunt
391 4329 417 4366 ut
1163 4315 1166 4322 '

1124 4398 1178 4456 17³²
