3000 5026
458 347 587 404 nnnvu
605 347 841 404 3333133333
858 349 926 404 uns.
945 349 971 402 n
990 343 1010 400 4
1242 349 1307 416 233

162 515 241 595 quod
270 521 299 576 et
328 514 485 576 simulacra
513 533 617 576 eorum
644 516 755 577 ahenea
784 519 873 578 etiam
901 535 981 577 nunc
1009 519 1038 577 in
1061 517 1181 595 publico
1203 519 1308 599 posita,

162 631 192 684 ot
215 625 451 706 corpusmatris
475 621 510 681 ab
535 623 749 705 sacerdotibus,
773 624 852 703 quod
875 626 905 684 in
930 622 1042 684 salsura
1066 623 1307 704 1333333333-

163 737 282 792 stratur.
332 731 483 790 nutricare
516 738 638 791 octonos
668 721 775 810 porcos
802 729 939 810 parvulos
967 732 1062 809 primo
1091 738 1230 808 possunt:
1260 734 1355 792 in·19

163 844 314 898 cremento
337 837 414 898 facto
438 856 452 897 a
477 839 582 916 peritis
606 837 726 897 dimidia
750 855 818 916 pars
840 840 987 898 removeri
1007 837 1089 918 solet,
1113 837 1191 916 quod
1211 856 1307 917 neque

137 952 258 1005 amator
286 950 384 1022 potest
408 943 543 1004 subferre
567 944 624 1031 lac,
654 963 750 1023 neque
774 947 965 1022 congenerati
988 945 1143 1005 alescendo
1166 944 1309 1004 roborari.

163 1070 178 1110 a
204 1061 290 1129 partu
315 1051 417 1110 decem
442 1051 547 1112 diebus
570 1053 714 1130 proximis
738 1070 797 1111 non
821 1051 990 1130 producunt
1013 1070 1048 1111 ex
1072 1051 1153 1111 haris
1176 1059 1308 1131 matrem,

165 1166 372 1237 praeterquam
392 1166 503 1236 potum.
546 1160 715 1237 praeteritis
734 1159 836 1218 decem
855 1157 960 1218 diebus
980 1160 1082 1218 sinunt
1096 1159 1177 1218 exire
1192 1166 1308 1236 pastum

162 1266 193 1324 in
220 1267 397 1344 propincum
425 1264 523 1325 locum
552 1265 649 1344 villae,
672 1251 714 1325 ut
742 1265 847 1325 crebro
875 1265 974 1325 reditu
1002 1264 1077 1324 lacte
1106 1263 1184 1324 alere
1214 1266 1309 1343 possit

162 1389 277 1450 porcos.
323 1390 391 1431 cum
417 1379 587 1452 creverunt,
615 1373 769 1450 patiuntur
797 1374 883 1450 sequi
905 1380 1029 1433 matrem
1053 1379 1184 1450 pastum,
1212 1352 1357 1432 domi-20

118 1495 219 1556 ioque
254 1486 415 1538 secernunt
448 1497 464 1537 a
497 1477 641 1538 matribus
668 1496 703 1543 ac
733 1496 868 1538 seorsum
896 1488 1034 1558 pascunt,
1068 1486 1102 1538 ut
1129 1476 1309 1537 desiderium

163 1583 241 1643 ferre
275 1586 391 1661 possint
417 1586 550 1662 parentis
577 1586 716 1664 nutriciS,
750 1584 828 1663 quod
858 1586 960 1645 decem
988 1583 1092 1644 diebus
1120 1582 1309 1644 adsecuntur.

161 1690 304 1751 subulcus
324 1690 412 1750 debet
432 1691 650 1771 consuefacere,
672 1692 769 1751 omnia
789 1699 822 1751 ut
841 1692 950 1751 faciant
969 1691 1006 1751 ad
1025 1690 1171 1751 bucinam.
1213 1693 1309 1769 primo

161 1817 230 1858 curn
255 1798 452 1877 incluserunt,
481 1815 549 1857 cum
573 1796 745 1857 bucinatum
769 1804 827 1876 est,
856 1799 1006 1876 aperiunt,
1034 1808 1067 1858 ut
1090 1799 1171 1858 exire
1194 1799 1310 1877 possint

161 1907 194 1964 in
227 1923 295 1964 curn
328 1904 438 1986 locum,
471 1905 523 1965 ubi
552 1904 695 1965 hordeum
725 1905 824 1964 fusum
853 1906 884 1964 in
911 1904 1122 1982 longitudine.¹
1158 1906 1201 1964 sic
1229 1906 1308 1964 enim

114 2029 147 2071 15
163 2014 262 2072 minus
296 2011 435 2091 disperit,
467 2029 556 2090 quam
584 2012 610 2070 si
638 2013 668 2070 in
697 2029 802 2070 acervo
830 2013 974 2092 positum,
1008 2019 1037 2071 et
1064 2011 1166 2089 plures
1194 2009 1309 2070 facilius

161 2119 318 2179 accedunt.
364 2119 431 2178 ideo
468 2118 503 2177 ad
540 2117 695 2178 duodecim
729 2119 888 2179 convenire
921 2118 1076 2197 dicuntur,
1114 2125 1147 2176 ut
1180 2115 1310 2176 silvestri

161 2226 228 2286 loco
248 2226 376 2303 dispersi
396 2244 431 2285 ne
451 2201 629 2304 disperesnt.
658 2232 826 2285 castrantur
845 2243 946 2286 verres
965 2224 1203 2286 commodissime
1223 2224 1304 2282 anni·
1316 2228 1355 2285 21
1439 2284 1442 2291 ,

162 2332 238 2418 culi,
269 2334 372 2410 utique
401 2351 438 2391 ne
466 2334 595 2392 minores
619 2350 707 2411 quam
731 2341 903 2392 semestres:
933 2351 991 2411 quo
1015 2331 1091 2391 facto
1115 2347 1223 2390 nomen
1246 2347 1309 2389 mu·

161 2446 339 2518 tentatque
364 2457 379 2498 e
403 2438 539 2499 verrihus
563 2438 704 2500 dicuntur
727 2439 854 2500 maiales.
901 2439 937 2499 de
962 2439 1087 2499 sanitate
1111 2455 1198 2497 sunm
1217 2454 1310 2496 unum

164 2670 378 2677 ————-—-

239 2830 253 2877 1
278 2827 307 2879 et
324 2827 420 2892 priore
439 2826 494 2878 loco
512 2825 725 2893 superscriptum
743 2825 774 2878 iu
792 2825 819 2877 A
893 2824 1001 2877 aheneo
1020 2823 1110 2877 PAR
1128 2825 1163 2877 ab
1184 2825 1311 2878 Aeneae
1358 2845 1360 2850 ·

237 2921 253 2967 3
277 2914 312 2967 ab
338 2911 530 2967 sacerdotibus
550 2910 606 2964 PA
626 2928 643 2964 a
661 2911 853 2966 sacerdotibus
871 2913 920 2966 Bo
993 2919 1008 2966 3
1031 2912 1171 2966 nutricare
1189 2930 1205 2966 o
1224 2912 1311 2965 nutri-

165 3002 224 3055 cari
242 3002 333 3056 PAB
406 2995 559 3054 5sufferre
583 3000 638 3052 VB
658 2999 796 3053 subferret
814 3001 842 3054 A
919 3007 988 3054 ttex
1009 3002 1065 3052 aris
1084 3000 1111 3051 A
1184 3001 1311 3067 733333-

165 3088 290 3158 quamA
337 3087 531 3158 8propincum
547 3088 605 3142 PA
619 3086 805 3157 propinquum
815 3089 864 3142 Bo
910 3087 999 3157 possit
1008 3088 1153 3143 Iucuudus
1166 3086 1311 3157 possintA

166 3178 275 3247 possint
294 3177 351 3232 VB
405 3184 420 3231 9
441 3193 503 3229 cum
523 3178 670 3230 creuerunt
684 3178 743 3229 AB
763 3194 826 3231 cum
846 3176 985 3231 creuerint
1004 3176 1034 3229 V.
1065 3176 1145 3229 ‘Cum
1165 3175 1312 3228 creuerunt

169 3267 286 3335 cupiunt
305 3266 384 3334 sequi
402 3265 530 3319 matrem.
568 3266 694 3335 Autiqua
709 3266 786 3321 lectio
799 3268 911 3320 diuersa
925 3282 982 3320 uou
995 3270 1086 3319 tauicu
1099 3265 1190 3319 adhuc
1205 3265 1312 3333 aliquid

168 3372 201 3408 ea:
219 3355 307 3423 ipsius
323 3360 402 3422 purte
422 3355 486 3409 boui
504 3354 596 3408 elicere
609 3355 692 3422 potui
708 3396 713 3407 .
729 3360 760 3408 ut
779 3354 832 3407 alii
850 3355 881 3407 iu
899 3354 948 3407 froc
966 3353 1091 3407 laborare
1104 3354 1211 3421 possiut
1225 3355 1311 3407 omui-

170 3444 218 3497 bus
241 3459 300 3496 eom
322 3442 453 3496 studiosis
476 3458 608 3511 exponam
622 3460 631 3491 .·
646 3441 715 3496 Cum
740 3443 887 3496 creuerunt
911 3440 1071 3510 capiuntur,
1096 3441 1175 3510 sequi
1194 3445 1312 3496 matrem

169 3530 289 3598 pastum,
308 3527 373 3583 etc.'
417 3529 554 3585 Victorius
616 3530 775 3601 patiuntur]
796 3529 943 3599 capiuntur
959 3530 1050 3584 PAB
1069 3529 1219 3599 capiunto
1279 3536 1311 3582 11

171 3618 285 3672 nutricis
304 3636 331 3672 ur
349 3619 471 3672 nutrices
491 3635 560 3673 corr.
580 3649 613 3658 -
634 3617 673 3674 cis
688 3619 715 3672 A
731 3618 853 3673 nutrices
873 3619 938 3686 VB,
957 3620 1054 3674 deleuit
1068 3619 1222 3674 Iucundos.
1261 3619 1312 3672 ‘Iu
1410 3691 1412 3696 Ι

172 3709 274 3761 cunctis
301 3725 386 3761 rnauu
413 3708 523 3775 scriptis
546 3713 610 3777 post
639 3709 783 3775 Porcutis,
811 3709 908 3763 iuueni
931 3708 1069 3762 Nutrices.
1111 3709 1169 3762 Nec
1196 3712 1313 3762 statuere

171 3798 248 3863 potui
265 3797 332 3865 quid
346 3797 397 3849 iila
411 3811 466 3848 uou
480 3797 534 3850 sibi
547 3798 631 3850 uelit:
641 3814 680 3850 au
693 3796 830 3864 Nutricis,
839 3814 894 3866 pro
906 3798 1037 3852 Parautis
1051 3798 1140 3868 aliqui
1154 3798 1275 3868 tepebunt
1284 3795 1310 3849 ,θ’

179 3885 313 3940 Victorius
353 3884 520 3938 adsecuntur
529 3884 557 3938 A
570 3886 734 3939 nosscuntur
745 3885 772 3937 P
784 3887 970 3953 assequuntur
980 3887 1028 3940 Bo
1070 3891 1102 3939 12
1113 3875 1243 3940 bucinam
1253 3885 1313 3938 AB

173 3972 317 4028 buccinam
337 3973 363 4026 V
416 3977 448 4024 13
467 3972 629 4027 bucinatum
642 3974 704 4027 AB
721 3971 900 4027 buccinetum
915 3973 942 4028 V
994 3978 1026 4026 15
1046 3973 1162 4041 disperit
1179 3973 1234 4025 VB
1253 3973 1313 4026 des-

174 4063 243 4129 perit
261 4063 288 4115 A
361 4060 486 4130 quamuis
505 4061 534 4114 in
553 4078 666 4115 aceruos
690 4061 744 4115 VB
763 4062 891 4130 quamuis
909 4062 939 4114 in
958 4076 1073 4114 aceruus
1088 4076 1156 4114 corr.
1173 4092 1207 4100 —
1221 4078 1271 4114 uos
1286 4062 1312 4113 A

175 4152 196 4203 c'
211 4170 293 4220 quam
308 4151 330 4204 si
345 4151 491 4218 adscripsit
503 4152 530 4204 P
543 4150 670 4219 quamuis
685 4150 714 4204 in
725 4168 855 4205 aceruum
869 4168 895 4203 m
906 4191 911 4204 .
922 4150 1036 4216 fortasse
1047 4165 1130 4216 quum
1141 4148 1164 4202 si
1174 4148 1202 4200 in
1213 4165 1312 4202 aceruo

177 4239 212 4294 sit
282 4247 313 4293 16
334 4239 370 4292 ad
389 4238 535 4294 duodecim
556 4239 584 4291 P
601 4241 637 4294 ad
657 4241 809 4295 duodecem
827 4240 855 4292 B
874 4240 909 4294 eb
929 4238 1081 4293 duodecem
1100 4239 1160 4291 Am
1178 4238 1213 4291 od
1228 4237 1312 4292 XIIv

175 4327 367 4384 adbuccinam
381 4328 497 4382 Ursiuus
552 4334 584 4382 17
600 4328 760 4397 dispereant
776 4326 1044 4397 VBdespereantA
1095 4331 1127 4380 18
1142 4329 1313 4381 semestreso

178 4473 336 4526 semestres
355 4471 411 4524 PB
430 4430 549 4524 sedlsotres
568 4471 596 4525 A
670 4477 702 4524 19
720 4468 836 4524 maiales
859 4470 914 4525 VB
933 4470 1064 4526 meciales
1083 4470 1142 4525 Am
