3000 5026
177 345 241 408 246
668 340 852 398 cannonis

177 531 278 592 equae,
301 510 461 571 videndum
484 529 521 569 ne
545 517 596 570 aut
619 508 753 570 laborent
776 508 945 588 plusculum
968 515 1019 568 aut
1042 525 1079 566 ne
1104 507 1221 586 frigidis
1248 507 1322 568 locis

177 622 247 699 sint,
277 620 362 697 quod.
383 618 465 694 algor
494 618 620 677 maxime
643 616 852 696 praegnatibus
877 615 970 675 obest.
1016 617 1116 694 itaque
1140 617 1172 674 in
1196 614 1321 676 stabulis

176 735 205 787 et
220 745 323 787 umore
338 725 496 806 probibere
512 733 629 803 oportet
643 726 775 805 humum,
789 724 888 784 clausa
902 722 1012 783 babere
1026 725 1102 783 ostia
1116 741 1150 783 ac
1165 722 1321 806 fenestras,

176 844 206 895 et
228 836 307 894 inter
331 833 461 912 singulas
485 850 501 892 a
523 831 718 911 praesepibus
741 833 900 892 intericere
924 830 1087 911 longorios,
1111 832 1165 909 qui
1187 849 1239 891 eas
1262 830 1320 891 dis-

176 951 307 1022 cernant,
330 960 367 1002 ne
391 943 469 1002 inter
493 959 525 1000 se
548 958 680 1019 pugnare
703 942 826 1018 possint.
872 947 1062 1017 praegnatem
1086 956 1184 1016 neque
1204 937 1320 1016 inplere
1348 956 1362 995 5

130 1048 246 1109 llcibo
269 1066 366 1126 neque
390 1049 504 1107 esurire
528 1054 653 1126 oportet.
699 1046 821 1107 alternis
845 1049 896 1125 qui
919 1046 1087 1126 admittant,
1116 1046 1322 1106 diuturniores

174 1172 280 1233 equor,
308 1153 445 1213 meliores
472 1153 569 1232 pullos
597 1154 663 1213 fieri
691 1153 808 1233 dicunt,
835 1156 933 1232 itaque
963 1161 996 1214 ut
1024 1151 1174 1212 restibiles
1204 1161 1321 1230 segetes

174 1280 239 1322 esse
264 1269 434 1341 exactores,
458 1263 501 1321 sic
525 1263 683 1339 quotannis
709 1279 783 1340 qnae
806 1268 981 1340 praegnates
1005 1259 1086 1320 liant.
1132 1258 1191 1337 [in]
1216 1258 1322 1319 decem

174 1368 279 1430 diebus
304 1368 466 1429 secundum
491 1377 609 1447 partum
633 1387 699 1428 cum
720 1367 864 1428 matribus
883 1369 913 1427 in
932 1365 1074 1446 pabulum
1091 1367 1321 1447 prodigendum,

174 1494 210 1536 ne
240 1474 366 1554 ungulas
394 1474 539 1535 conburat
566 1484 683 1536 stercus
708 1473 863 1552 [tenebat].
911 1473 1206 1553 quinquemestribus
1230 1472 1322 1552 pullis
1336 1489 1362 1527 10

174 1582 268 1663 lactis,
292 1601 360 1642 cum
383 1582 496 1642 redacti
521 1591 590 1642 sunt
613 1581 820 1662 instabulum,
844 1581 1033 1642 obiciendum
1053 1581 1177 1640 lerinam
1196 1581 1323 1641 hordea·

174 1692 248 1750 ciam
269 1688 398 1749 molitam
418 1707 487 1748 cnm
506 1688 681 1770 lurlnribus,
705 1697 735 1749 et
754 1688 853 1767 siquid
872 1687 950 1748 aliud
971 1696 1050 1747 terra
1070 1696 1173 1748 natum
1192 1687 1323 1749 libenter

128 1797 275 1857 liedent.
321 1795 466 1856 anniculis
489 1797 547 1855 iam
571 1796 656 1856 lactis
680 1795 808 1856 dandum
832 1795 977 1855 hordeum
1000 1801 1031 1854 et
1054 1795 1200 1877 lurlures,
1223 1814 1323 1875 usque

174 1904 267 1982 qnaad
302 1912 391 1964 erunt
423 1904 574 1964 lactantes.
626 1922 723 1983 neque
754 1905 839 1983 prins
872 1903 992 1963 biennio
1025 1903 1160 1963 conlecto
1193 1921 1210 1963 a
1245 1902 1323 1964 lacte

173 2010 398 2091 removendum3
422 2029 542 2092 eosque,
565 2030 633 2071 cum
657 2018 737 2071 stent
756 2028 824 2070 cum
843 2008 997 2089 matribus,
1020 2010 1170 2070 interdum
1190 2018 1361 2071 neclan-1⁵

173 2118 256 2198 dnm,
285 2136 335 2198 ne,
364 2136 432 2177 cum
461 2120 521 2178 sint
548 2117 693 2198 deiunoti,
721 2125 941 2197 exterreantur3
969 2117 1131 2196 eademque
1159 2135 1250 2178 causa
1279 2118 1323 2179 ibi

174 2224 272 2283 frenos
310 2213 565 2306 suspendendum,
602 2233 635 2284 ut
671 2224 749 2285 eouli
786 2232 983 2285 consuescant
1018 2232 1048 2285 et
1081 2225 1182 2286 videre
1215 2244 1321 2287 eorum

179 2364 379 2373 ——-.

242 2455 258 2501 2
287 2450 487 2518 praegnatibus
511 2450 603 2504 PAB
625 2449 845 2518 praegnantibus
863 2423 924 2505 Ala
997 2456 1014 2504 3
1042 2452 1073 2504 et
1093 2467 1190 2506 umore
1209 2451 1269 2506 PA
1292 2454 1321 2508 et

171 2536 288 2592 humore
315 2539 363 2591 Ba
391 2539 426 2591 ab
455 2540 570 2593 humore
599 2539 746 2594 locandus
834 2541 949 2593 humum
972 2539 1053 2595 ABo
1081 2556 1179 2594 umnm
1204 2541 1233 2593 P

173 2626 246 2680 ostia
269 2627 295 2679 V
310 2627 405 2681 hostia
422 2627 483 2680 AB
555 2630 753 2695 dpregnatem
767 2627 796 2682 A
813 2632 1015 2698 praegnantem
1039 2629 1096 2682 VB
1167 2629 1278 2699 inplere
1292 2630 1320 2686 A

171 2715 288 2784 implere
318 2715 373 2769 VB
397 2715 508 2785 impleri
536 2717 654 2775 Ursinus
726 2725 741 2771 6
766 2717 918 2772 admittant
940 2718 1031 2772 PAB
1054 2719 1209 2773 admittunt
1232 2737 1248 2776 o

172 2803 360 2858 diuturniores
388 2821 474 2874 equae
499 2806 653 2860 Pontedera
676 2824 706 2875 p.
730 2811 785 2862 435
892 2811 909 2860 8
937 2807 1029 2861 essent
1057 2809 1201 2862 exactores
1227 2809 1255 2862 P
1274 2813 1319 2865 eet

171 2895 314 2948 exuetoree
342 2895 370 2947 A
402 2895 475 2948 esset
502 2896 646 2950 ornatores
673 2895 701 2948 B
728 2898 821 2950 essent
848 2895 1004 2951 exuctiores
1032 2915 1047 2951 a
1077 2897 1134 2952 sint
1161 2899 1317 2955 exactiores

173 2982 308 3036 Gesnerac
415 2984 484 3052 quot
506 2985 619 3038 annisa
643 2985 717 3053 quod
742 2986 821 3039 annia
843 2985 935 3040 PAB
1043 2988 1206 3058 praegnatis
1227 2990 1317 3045 PAB

170 3073 358 3141 praegnantes
375 3088 392 3126 a
466 3078 498 3126 10
523 3071 577 3126 ‘Ne
595 3074 715 3143 ungulas
735 3075 880 3129 comburat
899 3075 1004 3130 stercus
1022 3077 1178 3131 canendum
1193 3122 1200 3134 .
1215 3078 1316 3149 Recep-

171 3165 227 3213 tam
254 3161 325 3214 banc
353 3161 490 3216 lectionem
518 3177 574 3215 aaa
601 3162 713 3228 damae,
742 3165 885 3232 antipaam
911 3170 1002 3220 tamea
1028 3166 1156 3234 qaamaa'e
1177 3168 1316 3237 uitiosum,

170 3248 409 3318 inquinatamque,
445 3255 538 3304 aotam
575 3266 629 3304 esee
664 3251 738 3305 aeto:
782 3252 825 3306 Ne
861 3253 981 3322 ungulas
1018 3258 1175 3310 commorat
1212 3259 1315 3313 stereus

170 3337 304 3391 tenebat.
320 3338 360 3392 Ia
387 3339 487 3409 optimo
514 3339 604 3393 codiee
631 3340 722 3394 meade'
748 3345 815 3394 aeta
842 3342 970 3410 adposita
1006 3342 1055 3397 est'
1089 3343 1229 3400 Victoriae

170 3426 297 3480 comurat
319 3428 426 3481 stercus
449 3428 566 3481 tenebat
588 3433 613 3482 et
630 3429 662 3483 a'a
680 3430 803 3499 margine
822 3430 843 3485 c'
864 3432 1010 3486 comburat
1028 3433 1134 3488 stercus
1152 3435 1273 3493 tenellas
1291 3440 1318 3494 P

170 3533 232 3568 cum
260 3515 353 3570 inurat
380 3518 486 3570 stercus
513 3518 629 3571 tenebat
646 3517 675 3573 A
693 3525 727 3573 cir
755 3523 847 3574 murat
872 3521 978 3574 stercus
1002 3523 1118 3577 tenebat
1139 3543 1166 3579 ra
1190 3531 1314 3582 comeret
1360 3572 1362 3577 .

170 3606 276 3659 stereus
298 3606 414 3659 tenebat
432 3606 460 3659 B
483 3608 609 3661 obmutat
632 3611 737 3662 stercus
761 3609 873 3663 cauebit
890 3626 906 3662 a
926 3610 1071 3665 comburat
1090 3616 1196 3669 stercus
1215 3635 1312 3673 cauen-

171 3692 236 3746 dum
259 3693 404 3748 locandas
477 3700 509 3747 11
534 3694 713 3752 hordeaciam
735 3698 764 3754 A
785 3697 959 3753 hordiaciam
981 3701 1009 3754 B
1033 3702 1198 3758 ordeaeeam
1221 3707 1248 3760 V

172 3786 205 3833 13
230 3780 343 3835 ordeum
368 3782 395 3835 V
465 3790 499 3837 14
520 3784 614 3852 qnaad
632 3786 722 3841 PAR
745 3787 871 3855 quondo
945 3794 976 3842 15
1001 3807 1061 3844 cum
1086 3793 1161 3848 stent
1186 3794 1243 3850 VB
1262 3814 1311 3852 aon
1338 3831 1362 3850 A

171 3870 250 3936 (corr.
280 3875 314 3923 cir
337 3869 387 3940 Al)
416 3873 491 3926 stent
512 3876 539 3927 A
569 3891 632 3927 cum
656 3877 734 3931 etant
755 3893 782 3930 m
867 3894 929 3931 com
952 3879 1087 3934 matribus
1109 3882 1137 3935 A
1221 3891 1253 3939 16
1279 3900 1310 3939 ne
1329 3907 1362 3931 ι

171 3958 245 4030 cum]
275 3975 327 4014 nec
349 3963 409 4014 tum
441 3967 473 4016 at
503 3964 612 4019 oidetea
643 3964 671 4020 A
747 3965 872 4020 deiunoti
903 3967 992 4022 VAB
1019 3967 1153 4025 disiuncti
1180 3989 1196 4026 o
1269 3992 1309 4029 ex·
1349 4004 1362 4010 -

169 4060 311 4138 orbantur
329 4088 357 4140 A
374 4088 551 4143 extereantnr
568 4107 595 4143 ra
668 4096 700 4144 17
720 4092 753 4145 ut
771 4091 844 4146 eculi
862 4093 920 4147 PB
939 4092 1026 4146 uttilli
1048 4100 1080 4149 at
1102 4098 1211 4154 ridetur
1233 4102 1262 4157 A
1282 4101 1362 4155 ut·—

170 4172 214 4227 illi
231 4193 257 4228 ra
275 4176 308 4227 ut
323 4176 398 4229 oculi
411 4194 427 4231 a
442 4220 448 4232 .
466 4178 515 4232 ‘Vt
529 4179 624 4248 equali
639 4188 827 4239 consuescant.
864 4188 990 4257 Antipera
1003 4189 1075 4255 baec,
1094 4194 1120 4243 et
1132 4205 1202 4244 aera
1215 4192 1304 4246 lectio:

168 4265 296 4317 mendara
314 4266 345 4318 e'a
363 4282 474 4321 eaeaeos
491 4271 623 4336 dancrat,
642 4273 714 4340 qaod
732 4273 763 4326 ia
781 4276 895 4329 uetustis
913 4276 1010 4343 donli,
1028 4279 1161 4347 scriptam
1179 4286 1227 4346 est,
1245 4288 1362 4350 μβ

168 4351 307 4418 arciptara
330 4354 467 4421 temeratae
489 4358 635 4428 fefellerat,
658 4362 704 4414 aed
726 4377 782 4415 aaa
805 4365 889 4418 malta
908 4366 989 4420 etiam
1007 4372 1072 4436 post
1090 4368 1209 4423 Erulum
1231 4378 1362 4441 possa

170 4438 288 4510 domari,
307 4441 338 4494 a'a
356 4443 450 4499 *iisdem
468 4447 600 4517 scriptam
619 4449 667 4502 est'
691 4449 828 4508 Victorias
