3000 5026
589 342 794 399 PRAEFATIO
1212 340 1264 396 XV

117 512 273 582 praeterea
297 512 329 566 ut
347 506 479 586 intellegi
498 519 608 590 posset,
627 511 663 570 ad
683 529 758 588 quae
778 508 918 570 vocabula
937 507 983 569 vel
1001 508 1036 568 ad
1057 526 1130 588 quas
1148 507 1262 569 litteras

120 614 243 671 mutatio
267 610 403 672 lectionis
427 612 463 673 ab
487 632 522 674 eo
546 634 582 674 ex
606 616 707 676 codice
730 616 866 677 adnotata
884 617 1058 695 pertineret,
1083 615 1262 694 ubicumque

119 716 198 776 illins
227 716 372 780 lectiones
399 722 543 783 indicatae
572 731 670 803 erant,
698 725 786 784 etiam
816 723 886 803 quid
914 727 945 783 in
972 725 1107 802 principe
1134 723 1264 783 editione

118 822 270 902 legeretur
301 826 491 887 indicandum
524 839 596 890 erat.
645 849 713 890 nam
746 833 865 909 saepius
894 830 1000 891 accidit
1027 839 1074 911 ut,
1106 829 1203 909 siquid
1232 833 1263 889 in

118 933 264 1010 principis
293 934 431 994 editionis
459 935 586 996 lectione
610 955 646 997 ex
671 937 772 998 codice
796 937 970 998 mutandum
997 944 1073 1018 erat,
1100 935 1263 997 Politiauus

118 1057 178 1098 non
201 1048 339 1100 accurate
363 1059 396 1101 ea
416 1060 491 1121 quae
511 1044 619 1104 mutari
638 1042 683 1104 vel
703 1042 796 1104 deleri
815 1043 906 1105 voluit
918 1037 1078 1126 indicaret,
1102 1044 1154 1104 sed
1174 1061 1261 1123 quae·

118 1146 185 1207 dam
213 1147 249 1207 ad
274 1147 362 1207 fidem
385 1147 497 1209 codicis
520 1151 698 1231 corrigeret,
727 1149 781 1210 alia
805 1151 862 1229 sic,
891 1159 925 1211 ut
948 1152 979 1209 in
1002 1150 1081 1210 edito
1105 1149 1266 1229 exemplari

116 1253 309 1335 habebantur,
334 1255 527 1336 relinqueret,
551 1255 602 1315 ubi
627 1275 712 1316 error
736 1275 771 1317 ex
795 1256 974 1336 apographis
998 1258 1137 1335 cognosci
1160 1258 1264 1335 potuit.

115 1364 215 1440 itaque
244 1371 277 1423 ut
305 1361 341 1422 de
369 1361 425 1423 tide
449 1362 587 1423 Politiani
615 1366 645 1424 in
673 1366 710 1424 iis
730 1383 805 1443 quae
829 1364 978 1424 adnotavit
1001 1364 1127 1424 iudicari
1152 1371 1268 1442 posset

113 1469 260 1530 lectiones
288 1471 431 1549 principis
460 1471 612 1552 editionis,
642 1471 693 1531 ubi
716 1471 752 1532 ab
776 1471 825 1531 illo
850 1479 980 1532 mutatae
1005 1479 1102 1551 erant,
1125 1470 1263 1532 61111666

114 1577 294 1654 significatas
327 1576 459 1656 adposui.
510 1597 607 1657 neque
642 1586 739 1639 tamen
773 1597 848 1658 opus
882 1597 947 1639 esse
981 1578 1134 1639 videbatur
1165 1579 1262 1638 omnia

112 1685 258 1762 principis
282 1683 420 1744 editionis
441 1686 518 1764 vitia,
544 1704 618 1764 quae
638 1705 654 1745 a
673 1686 817 1746 Politiano
838 1706 873 1746 ex
894 1686 996 1746 codice
1016 1694 1150 1746 correcta
1169 1693 1262 1766 erant,

112 1792 274 1851 memoriae
307 1791 434 1870 prodere
467 1799 497 1852 et
528 1794 674 1872 integram
704 1793 933 1871 discrepantiam
963 1792 1114 1873 editionis,
1145 1794 1176 1852 in
1205 1809 1263 1869 qua

112 1897 241 1975 plurima
273 1900 337 1958 sine
371 1897 429 1959 ulla
461 1898 605 1960 librorum
638 1903 814 1961 auctoritate
843 1898 966 1961 arbitrio
996 1898 1119 1959 editoris
1148 1905 1262 1958 mutata

113 2012 197 2085 sunt,
226 2005 374 2065 adnotare.
421 2008 521 2085 itaque
550 2006 600 2067 ubi
629 2007 802 2067 manifestae
833 2005 956 2088 editoris
979 2004 1221 2084 interpolationes
1245 2022 1260 2061 6

112 2110 258 2172 Politiano
287 2131 323 2172 ex
347 2111 448 2174 codiee
473 2123 626 2174 correctae
650 2121 735 2174 erant
759 2131 855 2192 neque
879 2112 937 2173 ulla
957 2114 1123 2190 scripturae
1149 2109 1260 2169 discre-

111 2222 212 2298 pantia
245 2222 276 2279 in
308 2238 397 2281 manu
431 2222 550 2299 scriptis
582 2220 681 2302 libris,
720 2220 828 2300 quibus
861 2238 942 2280 nuuc
971 2221 1096 2300 utimur,
1132 2219 1261 2276 invenie·

111 2325 214 2407 batur,
246 2326 350 2387 inutile
382 2335 446 2387 erat
474 2337 630 2406 corruptas
659 2330 797 2407 impressi
828 2326 1003 2405 exemplaris
1031 2325 1174 2394 lectiones
1202 2341 1260 2382 una

112 2452 181 2493 cum
210 2428 447 2494 correctionibus
476 2434 555 2495 illius
586 2424 765 2495 adscribere.
812 2435 862 2494 sed
892 2433 1073 2511 ubicumque
1097 2432 1131 2491 ad
1155 2431 1261 2490 contir-

112 2540 249 2601 mandam
282 2550 419 2621 receptae
452 2541 588 2602 lectionis
619 2544 825 2602 auctoritatem
854 2539 1036 2620 pertinebat,
1068 2537 1146 2617 quod
1176 2546 1259 2597 certo

111 2647 251 2708 Politiani
270 2649 439 2709 testimonio
459 2650 499 2709 ita
518 2651 663 2728 scriptum
685 2649 776 2709 luisse
795 2651 827 2708 in
846 2647 1006 2727 archetypo
1024 2654 1149 2727 constat,
1169 2645 1261 2722 scrip·

110 2763 210 2816 turam
239 2756 349 2816 codicis
377 2754 413 2815 ab
440 2754 490 2815 1116
514 2755 672 2816 indicatam
695 2754 792 2815 addita
815 2755 942 2815 lectione
966 2753 1094 2815 Venetae
1118 2751 1257 2813 editionis

110 2865 144 2922 in
172 2863 360 2925 adnotatione
393 2865 527 2942 repetivi.
578 2864 609 2921 in
637 2864 673 2922 iis
703 2881 772 2921 vero
803 2880 877 2939 quae
910 2865 940 2920 16
969 2863 1104 2939 principe
1133 2858 1262 2918 editione

109 2969 275 3044 Politianus
304 2989 363 3030 non
394 2979 558 3031 mutaverat
587 2987 623 3027 ne
649 2968 757 3028 leviora
784 2967 905 3045 quidem
932 2969 1028 3026 omitti
1051 2974 1204 3044 poterant,
1232 2966 1263 3021 in

108 3077 221 3156 quibus
249 3077 297 3137 ille
325 3078 471 3138 diversam
499 3074 690 3136 hauddubie
719 3074 830 3134 codicis
867 3075 1046 3152 scripturam
1070 3070 1179 3130 codicis
1203 3086 1262 3126 nort

107 3185 305 3259 indicaverat,
337 3187 369 3244 in
401 3186 505 3263 primis
538 3202 571 3243 66
605 3201 679 3261 quae
712 3181 748 3241 ad
778 3178 1022 3258 orthographiam
1052 3174 1262 3236 vocabulorum

106 3294 274 3374 pertinent,
296 3300 454 3371 propterea
479 3290 557 3370 quod
581 3293 612 3350 16
635 3289 692 3349 hoc
714 3307 823 3367 genere
843 3288 929 3348 modo
949 3285 1060 3346 codicis
1079 3285 1257 3363 scripturam

107 3399 318 3481 adnotaverat,
347 3400 433 3459 modo
463 3406 611 3477 tamquam
639 3396 775 3457 inutilem
801 3397 1003 3475 praeterierat.
1048 3393 1186 3453 Politiani
1209 3411 1257 3451 ex·

108 3509 225 3587 cerptis
255 3526 289 3567 66
319 3525 394 3586 quae
423 3526 439 3566 6
467 3505 596 3566 Victorio
625 3507 656 3564 in
686 3503 931 3582 explicationibus
960 3521 995 3562 ex
1024 3501 1128 3561 eodem
1157 3499 1257 3559 codice

107 3616 251 3677 adnotata
278 3624 362 3675 erant
391 3613 497 3674 addidi.
544 3614 574 3672 in
601 3631 660 3691 quo
683 3613 747 3690 ipsa
771 3609 895 3670 Victorii
919 3609 1008 3670 verba
1032 3611 1094 3669 suis
1117 3607 1256 3667 1661616-

108 3731 195 3802 tegra
214 3724 348 3804 repetivi,
367 3739 544 3801 quamquam
564 3722 594 3779 16
614 3717 734 3780 Catonis
753 3717 830 3778 libro
850 3720 968 3795 saepius
988 3717 1123 3776 breviore
1143 3715 1257 3775 ratione

110 3848 184 3891 usus
212 3849 288 3890 sum.
334 3831 365 3889 in
393 3828 523 3888 editione
547 3826 669 3886 Victorii
697 3844 732 3886 ea
760 3843 835 3905 quae
866 3826 897 3884 in
921 3826 1074 3903 impressis
1098 3829 1165 3882 ante
1189 3838 1256 3881 eum

110 3936 330 4018 exemplaribus
354 3954 414 3995 non
436 3934 576 4014 leguntur
597 3934 724 4012 aliquam
745 3933 952 3993 auctoritatem
971 3931 1006 3991 ad
1026 3927 1265 3990 confirmandam

109 4044 223 4104 codicis
252 4046 431 4122 scripturam
454 4042 571 4102 habent.
618 4059 685 4100 nam
708 4043 739 4100 in
763 4039 809 4099 his
832 4037 1008 4117 plerumque
1032 4034 1179 4112 codicem,
1208 4034 1256 4091 cui

109 4149 273 4231 plurimum
298 4149 460 4231 tribuebat,
490 4157 611 4210 secutus
635 4147 781 4226 vulgatam
804 4145 962 4205 lectionem
987 4143 1117 4202 mutavit.
1164 4155 1255 4217 quare

109 4269 177 4320 tum
198 4259 335 4338 maxime,
357 4275 424 4317 eum
448 4263 572 4335 propter
595 4254 722 4337 aliquam
747 4271 864 4313 causam
889 4249 1019 4311 dubitari
1042 4249 1078 4309 de
1103 4246 1159 4307 fide
1178 4245 1255 4306 Poli-

108 4368 182 4427 tiaui
208 4373 333 4446 poterat,
356 4364 498 4424 lectiones
518 4362 639 4422 Victorii
663 4379 678 4420 a
702 4359 851 4439 prioribus
873 4356 1055 4418 editionibus
1075 4356 1206 4416 diversas
1226 4361 1255 4413 et

110 4491 146 4532 ex
168 4473 288 4553 codice,
312 4478 345 4530 ut
368 4467 498 4544 videtur,
522 4468 558 4527 ab
582 4467 632 4528 illo
656 4469 786 4546 primum
809 4474 944 4544 receptas
969 4464 1103 4524 indicavi.
