3000 5026
213 93 276 155 116
705 90 889 146 VARRONIS

302 259 399 320 medio
442 261 468 318 si
510 257 631 320 robusta
673 259 796 318 materia
839 261 876 319 sit
913 259 1049 339 depacta,
1086 277 1146 320 uon
1183 260 1268 319 nasci
1300 276 1361 319 ser·

301 375 421 446 pentem
1107 432 1117 456 ³

215 474 361 544 Quattuor
392 491 457 533 esse
486 491 595 552 genera
630 474 790 553 seminum,
819 480 946 550 atquae
971 491 1029 550 quo
1053 480 1187 551 tempore
1210 471 1277 532 loco
1301 470 1362 550 [ut]

303 577 429 640 debeant
453 582 513 640 seri

216 686 297 756 Quae
316 688 376 746 sint
394 705 503 765 genera
523 688 679 769 seminum,
698 693 727 746 et
748 705 835 765 quem
855 686 890 745 ad
911 686 1030 746 modum
1049 688 1208 765 propagari
1227 685 1370 766 debeant,
1455 713 1483 752 ε,

305 793 468 872 atquibus
493 792 676 872 temporibus
701 811 818 871 quoque
843 792 907 853 loco
931 793 1066 872 ponenda
1090 795 1150 853 sint

216 898 257 957 De
292 898 477 977 temporibus
510 901 784 961 transferendorum
813 900 1015 980 surculorum,
1048 908 1078 960 et
1106 918 1181 978 quae
1209 901 1271 960 sint
1300 908 1380 978 post

306 1007 451 1067 sationem
475 1008 657 1069 observanda

218 1112 258 1171 lle
282 1111 387 1172 melica

151 1205 153 1209 ¹
217 1219 259 1278 lle
283 1221 376 1299 cytiso
794 1208 796 1213 ⁵
1468 1251 1487 1287 n

219 1327 348 1397 Orroteni
370 1328 463 1387 modii
487 1334 625 1387 serantur
648 1330 679 1388 in
704 1330 808 1406 iugero
833 1328 930 1408 labae,
955 1329 1060 1408 tritici,
1084 1328 1201 1408 hordei,
1226 1328 1317 1388 larris

220 1432 288 1493 Sata
312 1443 401 1512 quota
426 1453 561 1514 quaeque
585 1434 632 1494 die
656 1434 801 1513 prodeant
824 1435 860 1494 de
885 1442 964 1495 terra

219 1540 263 1601 Er
288 1539 397 1619 quibus
420 1540 499 1601 loliis
523 1543 662 1620 cognosci
685 1543 800 1621 possint
824 1543 893 1601 anni
917 1549 1049 1620 tempora

220 1648 315 1718 Quem
337 1648 375 1708 ad
398 1648 518 1708 modum
542 1657 604 1709 sata
628 1651 687 1709 sint
711 1649 820 1710 tuenda

221 1756 302 1826 Quae
325 1757 357 1815 in
381 1757 462 1834 spica
486 1757 545 1815 sint
568 1755 709 1816 vocabula
734 1764 763 1816 et
787 1773 892 1816 causae
917 1771 1018 1813 eorum

220 1861 261 1922 De
285 1861 433 1923 fructibus
457 1864 581 1922 maturis
605 1863 756 1941 capiendis

220 1969 262 2030 lie
286 1970 438 2030 faenisicio
462 1977 493 2030 et
516 1969 673 2029 sicilitioue
697 1977 848 2048 pratorum

221 2076 263 2136 lle
294 2094 392 2136 messe
425 2084 455 2135 et
485 2093 574 2135 causa
601 2076 691 2135 buius
719 2074 867 2154 vocabuli,
900 2092 991 2153 quare
1020 2076 1127 2134 messis
1155 2073 1302 2153 appellata
1330 2076 1393 2134 sit

311 2200 439 2260 quareve
462 2181 562 2260 paleae
586 2181 746 2261 appellatae
770 2184 830 2241 sint

222 2284 335 2349 Aream
359 2288 475 2367 qualem
499 2307 565 2349 esse
589 2295 724 2367 oporteat

222 2395 256 2455 ln
280 2413 381 2455 semen
406 2413 495 2473 quem
518 2395 554 2454 ad
577 2395 698 2456 modum
722 2396 819 2474 spicas
841 2398 958 2456 secerni
981 2404 1117 2474 oporteat

223 2502 343 2563 Tritura
367 2520 456 2580 quem
480 2501 515 2561 ad
539 2502 660 2563 modum
683 2503 748 2562 lieri
772 2512 906 2585 oporteat

223 2609 265 2669 lie
289 2607 397 2687 stipula

223 2715 264 2776 lle
288 2716 434 2775 vindemia
458 2716 589 2778 iacienda

224 2822 264 2882 lle
289 2821 353 2881 olea
376 2822 498 2900 legenda

223 2979 436 2987 ὴ...-

296 3088 312 3134 3
342 3082 481 3147 Quattuor
504 3099 564 3136 esse
587 3095 692 3150 genera
710 3080 851 3134 'sommum
871 3082 875 3149 1
897 3081 936 3135 Vt
958 3097 1031 3149 quae
1056 3098 1110 3149 quo
1132 3083 1260 3150 tempore
1276 3082 1281 3146 l
1296 3079 1366 3136 Ioco

224 3173 256 3225 ut
274 3171 396 3226 debeant
410 3171 465 3226 seri
478 3171 505 3226 A
578 3167 731 3234 &Quaeri
743 3185 848 3240 genera
861 3169 889 3223 A
962 3176 1070 3237 ‘lquae
1084 3167 1140 3224 sint
1152 3172 1219 3240 post
1231 3168 1369 3224 sationem

225 3260 401 3315 obseruanda
425 3260 452 3314 V
468 3275 539 3328 quae
557 3258 665 3328 possint
682 3261 746 3328 post
763 3258 902 3314 sationem
921 3257 1097 3314 obseruanda
1110 3259 1171 3314 AB
1244 3263 1277 3311 11
1298 3256 1371 3324 Quot

225 3349 300 3403 enim
333 3349 420 3403 modii
451 3347 580 3402 serantur
605 3347 635 3401 in
660 3347 757 3418 iugero
778 3350 782 3418 Ι
802 3347 896 3404 Fabae
916 3350 921 3417 l
942 3346 1041 3401 Tritici
1061 3350 1065 3417 Ι
1086 3347 1190 3402 Hordei
1205 3348 1211 3417 Ι
1226 3347 1322 3402 Farris
1343 3349 1371 3403 A

297 3438 418 3504 Quoteni
445 3435 533 3490 modii
559 3437 686 3492 serantur
715 3437 742 3491 P
769 3437 844 3503 Quot
870 3437 945 3492 enim
971 3435 1062 3491 modis
1091 3439 1218 3492 serantur
1245 3437 1274 3491 B
1298 3435 1371 3502 Quot

226 3527 312 3581 modii
327 3528 482 3581 serunturo
536 3531 569 3580 18
588 3526 719 3594 cognosci
733 3526 842 3595 possint
856 3527 861 3598 Ι
876 3525 951 3580 Anni
961 3528 1088 3595 tempora
1098 3525 1336 3596 quemadmodum
1345 3527 1371 3581 A

298 3621 332 3669 14
350 3615 408 3669 sint
424 3613 530 3669 tuenda
544 3615 603 3669 AB
622 3614 759 3671 Victorius
777 3618 842 3670 sunt
858 3615 964 3670 tuenda
983 3615 1009 3668 V
1080 3620 1112 3668 15
1131 3613 1219 3685 spica]
1240 3615 1370 3684 spiciaA

298 3710 331 3758 11
356 3702 480 3759 leniaitio
508 3704 536 3758 A
562 3703 707 3759 ioenisicio
737 3704 794 3759 VB
868 3709 900 3759 18
930 3702 1054 3772 apellata
1081 3703 1118 3757 sit
1141 3704 1236 3772 priore
1266 3706 1325 3759 loco
1346 3705 1372 3759 A

298 3799 331 3848 19
350 3795 482 3866 quareve]
502 3799 535 3865 qi
554 3795 581 3848 A
653 3793 797 3864 appellata
815 3793 871 3847 sint
886 3793 1034 3862 posteriore
1051 3793 1108 3847 loeo
1126 3791 1153 3845 B
1225 3799 1258 3847 21
1281 3793 1372 3864 spicas

227 3885 335 3939 secerni
366 3885 498 3954 oporteat
513 3888 517 3954 1
534 3883 648 3939 Tritura
679 3883 913 3953 quemadmodum
942 3879 1003 3936 fieri
1031 3882 1160 3951 oporteat
1175 3884 1179 3949 1
1195 3880 1237 3935 De
1267 3882 1372 3954 stipula

232 3974 371 4028 Victorius
389 3979 413 4026 et
436 3974 470 4027 de
493 3973 598 4043 stipula
616 3989 677 4028 cum
696 3973 791 4043 priore
812 3973 893 4026 tituto
915 3972 1090 4026 coniunctum
1108 3971 1136 4025 A
1154 3970 1246 4039 spicas
1267 3973 1373 4027 secerni

228 4061 358 4127 oporteat
375 4062 611 4127 quemadmodum
634 4063 694 4117 fieri
715 4062 843 4131 oporteat
861 4060 961 4114 tritura
976 4062 980 4129 Ι
997 4060 1037 4113 De
1057 4059 1162 4129 stipula
1181 4061 1210 4114 P
1226 4061 1259 4131 in
1283 4061 1372 4133 spicea

228 4147 335 4202 secerni
361 4151 492 4217 oporteat
518 4151 620 4206 tritura
647 4149 880 4221 quemadmodum
907 4149 968 4204 lieri
996 4151 1126 4218 oporteat
1147 4149 1188 4205 De
1216 4150 1324 4220 stipula
1346 4152 1372 4206 B

228 4234 320 4304 spicas
334 4238 439 4293 secerni
453 4242 583 4308 oporteat
592 4244 621 4296 et
630 4242 665 4295 de
674 4239 776 4294 tritura
791 4242 795 4308 Ι
812 4239 853 4294 De
864 4238 992 4308 stipulae
1047 4245 1081 4293 25
1096 4238 1137 4292 De
1148 4239 1366 4311 oleolegendaA
