<?xml version="1.0" encoding="UTF-8"?>
<!DOCTYPE html PUBLIC "-//W3C//DTD XHTML 1.0 Transitional//EN"
    "http://www.w3.org/TR/xhtml1/DTD/xhtml1-transitional.dtd">
<html xmlns="http://www.w3.org/1999/xhtml" xml:lang="en" lang="en">
 <head>
  <title>
</title>
<meta http-equiv="Content-Type" content="text/html;charset=utf-8" />
  <meta name='ocr-system' content='tesseract 3.04.00' />
  <meta name='ocr-capabilities' content='ocr_page ocr_carea ocr_par ocr_line ocrx_word'/>
</head>
<body>
  <div class='ocr_page' id='page_1' title='image "./mporcicatonisde01keilgoog_0265.png"; bbox 0 0 3000 5026; ppageno 0'>
   <div class='ocr_carea' id='block_1_1' title="bbox 163 210 840 274">
    <p class='ocr_par' dir='ltr' id='par_1_1' title="bbox 163 210 840 274">
     <span class='ocr_line' id='line_1_1' title="bbox 163 210 840 274; baseline -0.012 0"><span class='ocrx_word' id='word_1_1' title='bbox 163 210 228 274; x_wconf 80' lang='grc'>240</span> <span class='ocrx_word' id='word_1_2' title='bbox 652 211 840 268; x_wconf 81' lang='lat' dir='ltr'><strong>VARRONIS</strong></span> 
     </span>
    </p>
   </div>
   <div class='ocr_carea' id='block_1_2' title="bbox 111 378 1355 2704">
    <p class='ocr_par' dir='ltr' id='par_1_2' title="bbox 116 378 1352 994">
     <span class='ocr_line' id='line_1_2' title="bbox 116 378 1307 457; baseline 0.001 -20"><span class='ocrx_word' id='word_1_3' title='bbox 116 381 329 438; x_wconf 79' lang='lat' dir='ltr'>tiimacescere</span> <span class='ocrx_word' id='word_1_4' title='bbox 363 381 449 456; x_wconf 80' lang='lat' dir='ltr'>cogit,</span> <span class='ocrx_word' id='word_1_5' title='bbox 500 381 530 438; x_wconf 92' lang='lat' dir='ltr'>in</span> <span class='ocrx_word' id='word_1_6' title='bbox 561 378 707 439; x_wconf 84' lang='lat' dir='ltr'>alimoniis</span> <span class='ocrx_word' id='word_1_7' title='bbox 735 381 942 440; x_wconf 87' lang='lat' dir='ltr'>armenticium</span> <span class='ocrx_word' id='word_1_8' title='bbox 971 396 1064 457; x_wconf 78' lang='lat' dir='ltr'>pecus</span> <span class='ocrx_word' id='word_1_9' title='bbox 1092 380 1136 439; x_wconf 88' lang='lat' dir='ltr'>sic</span> <span class='ocrx_word' id='word_1_10' title='bbox 1164 385 1307 438; x_wconf 84' lang='lat' dir='ltr'>contuen-</span> 
     </span>
     <span class='ocr_line' id='line_1_3' title="bbox 158 483 1307 548; baseline 0 -4"><span class='ocrx_word' id='word_1_11' title='bbox 158 485 237 545; x_wconf 87' lang='lat' dir='ltr'>dum.</span> <span class='ocrx_word' id='word_1_12' title='bbox 283 484 426 546; x_wconf 87' lang='lat' dir='ltr'>lactantes</span> <span class='ocrx_word' id='word_1_13' title='bbox 456 504 523 546; x_wconf 90' lang='lat' dir='ltr'>oum</span> <span class='ocrx_word' id='word_1_14' title='bbox 552 486 699 547; x_wconf 87' lang='lat' dir='ltr'>matribus</span> <span class='ocrx_word' id='word_1_15' title='bbox 723 505 759 547; x_wconf 91' lang='lat' dir='ltr'>ne</span> <span class='ocrx_word' id='word_1_16' title='bbox 784 486 908 548; x_wconf 79' lang='lat' dir='ltr'><strong>cubent:</strong></span> <span class='ocrx_word' id='word_1_17' title='bbox 932 485 1112 547; x_wconf 89' lang='lat' dir='ltr'>obteruntur</span> <span class='ocrx_word' id='word_1_18' title='bbox 1134 486 1225 545; x_wconf 91' lang='lat' dir='ltr'>euim.</span> <span class='ocrx_word' id='word_1_19' title='bbox 1271 483 1307 544; x_wconf 87' lang='lat' dir='ltr'>ad</span> 
     </span>
     <span class='ocr_line' id='line_1_4' title="bbox 158 593 1308 672; baseline -0.001 -20"><span class='ocrx_word' id='word_1_20' title='bbox 158 611 207 652; x_wconf 91' lang='lat' dir='ltr'>eas</span> <span class='ocrx_word' id='word_1_21' title='bbox 236 611 320 653; x_wconf 90' lang='lat' dir='ltr'>mane</span> <span class='ocrx_word' id='word_1_22' title='bbox 347 593 425 671; x_wconf 88' lang='lat' dir='ltr'>adigi</span> <span class='ocrx_word' id='word_1_23' title='bbox 449 601 578 672; x_wconf 89' lang='lat' dir='ltr'>oportet,</span> <span class='ocrx_word' id='word_1_24' title='bbox 607 601 728 654; x_wconf 90' lang='lat' dir='ltr'>etcum</span> <span class='ocrx_word' id='word_1_25' title='bbox 753 594 908 654; x_wconf 89' lang='lat' dir='ltr'>redierunt</span> <span class='ocrx_word' id='word_1_26' title='bbox 931 612 947 653; x_wconf 92' lang='lat' dir='ltr'>e</span> <span class='ocrx_word' id='word_1_27' title='bbox 970 601 1066 671; x_wconf 88' lang='lat' dir='ltr'>pastu.</span> <span class='ocrx_word' id='word_1_28' title='bbox 1112 610 1182 653; x_wconf 89' lang='lat' dir='ltr'>cum</span> <span class='ocrx_word' id='word_1_29' title='bbox 1206 608 1308 652; x_wconf 82' lang='lat' dir='ltr'>creue-</span> 
     </span>
     <span class='ocr_line' id='line_1_5' title="bbox 159 699 1310 780; baseline 0.001 -21"><span class='ocrx_word' id='word_1_30' title='bbox 159 706 229 759; x_wconf 89' lang='lat' dir='ltr'>runt</span> <span class='ocrx_word' id='word_1_31' title='bbox 252 699 345 780; x_wconf 82' lang='lat' dir='ltr'>vituli,</span> <span class='ocrx_word' id='word_1_32' title='bbox 370 699 509 760; x_wconf 88' lang='lat' dir='ltr'>levandae</span> <span class='ocrx_word' id='word_1_33' title='bbox 533 709 643 760; x_wconf 88' lang='lat' dir='ltr'>matres</span> <span class='ocrx_word' id='word_1_34' title='bbox 668 700 774 779; x_wconf 90' lang='lat' dir='ltr'>pabulo</span> <span class='ocrx_word' id='word_1_35' title='bbox 799 702 885 761; x_wconf 87' lang='lat' dir='ltr'>viridi</span> <span class='ocrx_word' id='word_1_36' title='bbox 908 700 1064 762; x_wconf 84' lang='lat' dir='ltr'>obiciendo</span> <span class='ocrx_word' id='word_1_37' title='bbox 1083 702 1114 761; x_wconf 94' lang='lat' dir='ltr'>iu</span> <span class='ocrx_word' id='word_1_38' title='bbox 1134 701 1310 780; x_wconf 87' lang='lat' dir='ltr'>praesepiis.</span> 
     </span>
     <span class='ocr_line' id='line_1_6' title="bbox 158 805 1352 889; baseline -0.005 -23"><span class='ocrx_word' id='word_1_39' title='bbox 158 808 229 866; x_wconf 90' lang='lat' dir='ltr'>item</span> <span class='ocrx_word' id='word_1_40' title='bbox 258 807 318 887; x_wconf 82' lang='lat' dir='ltr'>his,</span> <span class='ocrx_word' id='word_1_41' title='bbox 347 814 380 867; x_wconf 90' lang='lat' dir='ltr'>ut</span> <span class='ocrx_word' id='word_1_42' title='bbox 408 807 470 866; x_wconf 87' lang='lat' dir='ltr'>iere</span> <span class='ocrx_word' id='word_1_43' title='bbox 499 809 530 866; x_wconf 92' lang='lat' dir='ltr'>in</span> <span class='ocrx_word' id='word_1_44' title='bbox 554 808 693 868; x_wconf 91' lang='lat' dir='ltr'>omnibus</span> <span class='ocrx_word' id='word_1_45' title='bbox 717 808 853 889; x_wconf 83' lang='lat' dir='ltr'>stabulis,</span> <span class='ocrx_word' id='word_1_46' title='bbox 884 807 996 886; x_wconf 90' lang='lat' dir='ltr'>lapides</span> <span class='ocrx_word' id='word_1_47' title='bbox 1021 805 1232 868; x_wconf 85' lang='lat' dir='ltr'>substerueudi</span> <span class='ocrx_word' id='word_1_48' title='bbox 1256 812 1311 864; x_wconf 85' lang='lat' dir='ltr'>aut</span> <span class='ocrx_word' id='word_1_49' title='bbox 1337 819 1352 859; x_wconf 80' lang='lat' dir='ltr'>o</span> 
     </span>
     <span class='ocr_line' id='line_1_7' title="bbox 157 911 1313 994; baseline -0.001 -22"><span class='ocrx_word' id='word_1_50' title='bbox 157 912 228 991; x_wconf 89' lang='lat' dir='ltr'>quid</span> <span class='ocrx_word' id='word_1_51' title='bbox 262 916 347 987; x_wconf 89' lang='lat' dir='ltr'>item,</span> <span class='ocrx_word' id='word_1_52' title='bbox 380 932 418 974; x_wconf 88' lang='lat' dir='ltr'>ue</span> <span class='ocrx_word' id='word_1_53' title='bbox 456 915 583 994; x_wconf 90' lang='lat' dir='ltr'>ungulae</span> <span class='ocrx_word' id='word_1_54' title='bbox 621 922 802 993; x_wconf 87' lang='lat' dir='ltr'>putrescant.</span> <span class='ocrx_word' id='word_1_55' title='bbox 853 914 890 975; x_wconf 90' lang='lat' dir='ltr'>ab</span> <span class='ocrx_word' id='word_1_56' title='bbox 923 915 1112 994; x_wconf 88' lang='lat' dir='ltr'>aequinoctio</span> <span class='ocrx_word' id='word_1_57' title='bbox 1145 911 1313 974; x_wconf 81' lang='lat' dir='ltr'>autumnali</span> 
     </span>
    </p>

    <p class='ocr_par' dir='ltr' id='par_1_3' title="bbox 111 1019 1355 1832">
     <span class='ocr_line' id='line_1_8' title="bbox 111 1019 1313 1101; baseline 0.002 -24"><span class='ocrx_word' id='word_1_58' title='bbox 111 1020 220 1079; x_wconf 81' lang='lat' dir='ltr'>17una</span> <span class='ocrx_word' id='word_1_59' title='bbox 243 1029 407 1098; x_wconf 88' lang='lat' dir='ltr'>pascuntur</span> <span class='ocrx_word' id='word_1_60' title='bbox 430 1040 497 1082; x_wconf 89' lang='lat' dir='ltr'>cum</span> <span class='ocrx_word' id='word_1_61' title='bbox 520 1022 674 1084; x_wconf 89' lang='lat' dir='ltr'>matribus.</span> <span class='ocrx_word' id='word_1_62' title='bbox 720 1030 850 1083; x_wconf 88' lang='lat' dir='ltr'>castrare</span> <span class='ocrx_word' id='word_1_63' title='bbox 874 1040 934 1081; x_wconf 92' lang='lat' dir='ltr'>non</span> <span class='ocrx_word' id='word_1_64' title='bbox 958 1028 1075 1101; x_wconf 89' lang='lat' dir='ltr'>oportet</span> <span class='ocrx_word' id='word_1_65' title='bbox 1098 1028 1166 1081; x_wconf 87' lang='lat' dir='ltr'>ante</span> <span class='ocrx_word' id='word_1_66' title='bbox 1186 1019 1313 1100; x_wconf 87' lang='lat' dir='ltr'>bimum,</span> 
     </span>
     <span class='ocr_line' id='line_1_9' title="bbox 159 1126 1312 1211; baseline 0.001 -25"><span class='ocrx_word' id='word_1_67' title='bbox 159 1126 237 1205; x_wconf 90' lang='lat' dir='ltr'>quod</span> <span class='ocrx_word' id='word_1_68' title='bbox 263 1127 432 1208; x_wconf 81' lang='lat' dir='ltr'>difficulter,</span> <span class='ocrx_word' id='word_1_69' title='bbox 457 1131 482 1188; x_wconf 89' lang='lat' dir='ltr'>si</span> <span class='ocrx_word' id='word_1_70' title='bbox 506 1128 592 1189; x_wconf 86' lang='lat' dir='ltr'>aliter</span> <span class='ocrx_word' id='word_1_71' title='bbox 611 1129 727 1211; x_wconf 79' lang='lat' dir='ltr'>seceris,</span> <span class='ocrx_word' id='word_1_72' title='bbox 751 1148 783 1189; x_wconf 90' lang='lat' dir='ltr'>se</span> <span class='ocrx_word' id='word_1_73' title='bbox 807 1131 965 1207; x_wconf 86' lang='lat' dir='ltr'>recipiunt.</span> <span class='ocrx_word' id='word_1_74' title='bbox 1012 1131 1063 1207; x_wconf 93' lang='lat' dir='ltr'>qui</span> <span class='ocrx_word' id='word_1_75' title='bbox 1086 1136 1186 1189; x_wconf 90' lang='lat' dir='ltr'>autem</span> <span class='ocrx_word' id='word_1_76' title='bbox 1205 1135 1312 1206; x_wconf 86' lang='lat' dir='ltr'>postea</span> 
     </span>
     <span class='ocr_line' id='line_1_10' title="bbox 159 1225 1313 1315; baseline 0.001 -22"><span class='ocrx_word' id='word_1_77' title='bbox 159 1242 342 1315; x_wconf 83' lang='lat' dir='ltr'>castrantur,</span> <span class='ocrx_word' id='word_1_78' title='bbox 372 1234 439 1294; x_wconf 90' lang='lat' dir='ltr'>duri</span> <span class='ocrx_word' id='word_1_79' title='bbox 467 1243 497 1296; x_wconf 89' lang='lat' dir='ltr'>et</span> <span class='ocrx_word' id='word_1_80' title='bbox 525 1225 645 1296; x_wconf 87' lang='lat' dir='ltr'>inutiles</span> <span class='ocrx_word' id='word_1_81' title='bbox 674 1237 757 1296; x_wconf 89' lang='lat' dir='ltr'>fiunt.</span> <span class='ocrx_word' id='word_1_82' title='bbox 804 1237 875 1295; x_wconf 87' lang='lat' dir='ltr'>item</span> <span class='ocrx_word' id='word_1_83' title='bbox 904 1243 938 1296; x_wconf 91' lang='lat' dir='ltr'>ut</span> <span class='ocrx_word' id='word_1_84' title='bbox 965 1237 995 1294; x_wconf 91' lang='lat' dir='ltr'>in</span> <span class='ocrx_word' id='word_1_85' title='bbox 1019 1234 1144 1314; x_wconf 88' lang='lat' dir='ltr'>reliquis</span> <span class='ocrx_word' id='word_1_86' title='bbox 1167 1233 1313 1313; x_wconf 80' lang='lat' dir='ltr'>gregibus</span> 
     </span>
     <span class='ocr_line' id='line_1_11' title="bbox 159 1340 1355 1421; baseline 0 -21"><span class='ocrx_word' id='word_1_87' title='bbox 159 1344 319 1420; x_wconf 74' lang='lat' dir='ltr'>perunum,</span> <span class='ocrx_word' id='word_1_88' title='bbox 357 1341 483 1403; x_wconf 88' lang='lat' dir='ltr'>dilectus</span> <span class='ocrx_word' id='word_1_89' title='bbox 524 1345 682 1421; x_wconf 84' lang='lat' dir='ltr'>quotannis</span> <span class='ocrx_word' id='word_1_90' title='bbox 712 1342 875 1402; x_wconf 84' lang='lat' dir='ltr'>habendus.</span> <span class='ocrx_word' id='word_1_91' title='bbox 899 1349 929 1402; x_wconf 91' lang='lat' dir='ltr'>et</span> <span class='ocrx_word' id='word_1_92' title='bbox 963 1340 1092 1401; x_wconf 87' lang='lat' dir='ltr'>reiculae</span> <span class='ocrx_word' id='word_1_93' title='bbox 1126 1340 1355 1420; x_wconf 84' lang='lat' dir='ltr'>reiciundae,10</span> 
     </span>
     <span class='ocr_line' id='line_1_12' title="bbox 160 1448 1312 1528; baseline -0.001 -20"><span class='ocrx_word' id='word_1_94' title='bbox 160 1448 238 1527; x_wconf 90' lang='lat' dir='ltr'>quod</span> <span class='ocrx_word' id='word_1_95' title='bbox 256 1449 364 1509; x_wconf 82' lang='lat' dir='ltr'>iocum</span> <span class='ocrx_word' id='word_1_96' title='bbox 388 1458 535 1528; x_wconf 88' lang='lat' dir='ltr'>occupant</span> <span class='ocrx_word' id='word_1_97' title='bbox 559 1469 660 1510; x_wconf 89' lang='lat' dir='ltr'>earum</span> <span class='ocrx_word' id='word_1_98' title='bbox 685 1468 759 1528; x_wconf 93' lang='lat' dir='ltr'>quae</span> <span class='ocrx_word' id='word_1_99' title='bbox 783 1449 862 1510; x_wconf 84' lang='lat' dir='ltr'>ferre</span> <span class='ocrx_word' id='word_1_100' title='bbox 885 1460 1010 1528; x_wconf 78' lang='lat' dir='ltr'>possunt</span> <span class='ocrx_word' id='word_1_101' title='bbox 1034 1449 1158 1509; x_wconf 81' lang='lat' dir='ltr'>tructus.</span> <span class='ocrx_word' id='word_1_102' title='bbox 1205 1450 1312 1526; x_wconf 84' lang='lat' dir='ltr'>siquae</span> 
     </span>
     <span class='ocr_line' id='line_1_13' title="bbox 160 1556 1312 1638; baseline 0 -23"><span class='ocrx_word' id='word_1_103' title='bbox 160 1558 259 1616; x_wconf 90' lang='lat' dir='ltr'>amisit</span> <span class='ocrx_word' id='word_1_104' title='bbox 283 1556 418 1638; x_wconf 81' lang='lat' dir='ltr'>vitulum,</span> <span class='ocrx_word' id='word_1_105' title='bbox 441 1559 468 1616; x_wconf 87' lang='lat' dir='ltr'>ei</span> <span class='ocrx_word' id='word_1_106' title='bbox 492 1575 660 1636; x_wconf 79' lang='lat' dir='ltr'>supponere</span> <span class='ocrx_word' id='word_1_107' title='bbox 684 1565 803 1636; x_wconf 81' lang='lat' dir='ltr'>oportet</span> <span class='ocrx_word' id='word_1_108' title='bbox 825 1575 886 1635; x_wconf 82' lang='lat' dir='ltr'>eos,</span> <span class='ocrx_word' id='word_1_109' title='bbox 911 1556 1020 1635; x_wconf 89' lang='lat' dir='ltr'>quibus</span> <span class='ocrx_word' id='word_1_110' title='bbox 1043 1573 1104 1616; x_wconf 93' lang='lat' dir='ltr'>non</span> <span class='ocrx_word' id='word_1_111' title='bbox 1127 1557 1201 1616; x_wconf 88' lang='lat' dir='ltr'>satis</span> <span class='ocrx_word' id='word_1_112' title='bbox 1224 1573 1312 1634; x_wconf 87' lang='lat' dir='ltr'>prae·</span> 
     </span>
     <span class='ocr_line' id='line_1_14' title="bbox 161 1662 1314 1724; baseline 0.001 -3"><span class='ocrx_word' id='word_1_113' title='bbox 161 1662 232 1722; x_wconf 84' lang='lat' dir='ltr'>beni</span> <span class='ocrx_word' id='word_1_114' title='bbox 265 1672 382 1723; x_wconf 89' lang='lat' dir='ltr'>matres.</span> <span class='ocrx_word' id='word_1_115' title='bbox 434 1663 629 1724; x_wconf 86' lang='lat' dir='ltr'>senrestribus</span> <span class='ocrx_word' id='word_1_116' title='bbox 662 1664 762 1724; x_wconf 90' lang='lat' dir='ltr'>vitulis</span> <span class='ocrx_word' id='word_1_117' title='bbox 795 1662 930 1723; x_wconf 92' lang='lat' dir='ltr'>obiciunt</span> <span class='ocrx_word' id='word_1_118' title='bbox 962 1663 1094 1723; x_wconf 81' lang='lat' dir='ltr'>turtures</span> <span class='ocrx_word' id='word_1_119' title='bbox 1122 1664 1254 1723; x_wconf 87' lang='lat' dir='ltr'>tritieios</span> <span class='ocrx_word' id='word_1_120' title='bbox 1281 1671 1314 1722; x_wconf 88' lang='lat' dir='ltr'>et</span> 
     </span>
     <span class='ocr_line' id='line_1_15' title="bbox 160 1769 1314 1832; baseline 0.002 -4"><span class='ocrx_word' id='word_1_121' title='bbox 160 1769 283 1829; x_wconf 80' lang='lat' dir='ltr'>farinam</span> <span class='ocrx_word' id='word_1_122' title='bbox 317 1770 511 1831; x_wconf 89' lang='lat' dir='ltr'>hordeaceam</span> <span class='ocrx_word' id='word_1_123' title='bbox 546 1778 575 1832; x_wconf 90' lang='lat' dir='ltr'>et</span> <span class='ocrx_word' id='word_1_124' title='bbox 601 1780 734 1831; x_wconf 86' lang='lat' dir='ltr'>teneram</span> <span class='ocrx_word' id='word_1_125' title='bbox 762 1770 884 1831; x_wconf 88' lang='lat' dir='ltr'>herbam</span> <span class='ocrx_word' id='word_1_126' title='bbox 914 1779 944 1830; x_wconf 88' lang='lat' dir='ltr'>et</span> <span class='ocrx_word' id='word_1_127' title='bbox 972 1777 1005 1830; x_wconf 93' lang='lat' dir='ltr'>ut</span> <span class='ocrx_word' id='word_1_128' title='bbox 1032 1769 1136 1829; x_wconf 90' lang='lat' dir='ltr'>bibant</span> <span class='ocrx_word' id='word_1_129' title='bbox 1165 1787 1253 1831; x_wconf 85' lang='lat' dir='ltr'>mune</span> <span class='ocrx_word' id='word_1_130' title='bbox 1282 1778 1314 1830; x_wconf 90' lang='lat' dir='ltr'>et</span> 
     </span>
    </p>

    <p class='ocr_par' dir='ltr' id='par_1_4' title="bbox 115 1874 1354 2704">
     <span class='ocr_line' id='line_1_16' title="bbox 115 1874 1354 1957; baseline 0 -21"><span class='ocrx_word' id='word_1_131' title='bbox 115 1874 153 1930; x_wconf 90' lang='lat'>18</span> <span class='ocrx_word' id='word_1_132' title='bbox 166 1878 282 1954; x_wconf 88' lang='lat' dir='ltr'>vesperi</span> <span class='ocrx_word' id='word_1_133' title='bbox 314 1886 428 1938; x_wconf 89' lang='lat' dir='ltr'>curant.</span> <span class='ocrx_word' id='word_1_134' title='bbox 477 1877 514 1937; x_wconf 90' lang='lat' dir='ltr'>de</span> <span class='ocrx_word' id='word_1_135' title='bbox 547 1880 671 1938; x_wconf 91' lang='lat' dir='ltr'>sanitate</span> <span class='ocrx_word' id='word_1_136' title='bbox 705 1884 775 1937; x_wconf 90' lang='lat' dir='ltr'>sunt</span> <span class='ocrx_word' id='word_1_137' title='bbox 802 1876 958 1957; x_wconf 81' lang='lat' dir='ltr'>conplura,</span> <span class='ocrx_word' id='word_1_138' title='bbox 991 1895 1066 1956; x_wconf 89' lang='lat' dir='ltr'>quac</span> <span class='ocrx_word' id='word_1_139' title='bbox 1094 1877 1246 1954; x_wconf 82' lang='lat' dir='ltr'>exscripta</span> <span class='ocrx_word' id='word_1_140' title='bbox 1274 1877 1314 1936; x_wconf 87' lang='lat' dir='ltr'>de</span> <span class='ocrx_word' id='word_1_141' title='bbox 1329 1889 1354 1928; x_wconf 79' lang='lat'>15</span> 
     </span>
     <span class='ocr_line' id='line_1_17' title="bbox 160 1983 1312 2062; baseline 0.001 -19"><span class='ocrx_word' id='word_1_142' title='bbox 160 1983 292 2062; x_wconf 84' lang='lat' dir='ltr'>Magonis</span> <span class='ocrx_word' id='word_1_143' title='bbox 320 1984 405 2044; x_wconf 89' lang='lat' dir='ltr'>libris</span> <span class='ocrx_word' id='word_1_144' title='bbox 432 1987 643 2045; x_wconf 90' lang='lat' dir='ltr'>armentarium</span> <span class='ocrx_word' id='word_1_145' title='bbox 673 2003 771 2045; x_wconf 90' lang='lat' dir='ltr'>meum</span> <span class='ocrx_word' id='word_1_146' title='bbox 799 1983 906 2044; x_wconf 92' lang='lat' dir='ltr'>crebro</span> <span class='ocrx_word' id='word_1_147' title='bbox 934 1993 968 2044; x_wconf 93' lang='lat' dir='ltr'>ut</span> <span class='ocrx_word' id='word_1_148' title='bbox 990 1983 1101 2062; x_wconf 89' lang='lat' dir='ltr'>aliquid</span> <span class='ocrx_word' id='word_1_149' title='bbox 1126 1983 1204 2062; x_wconf 82' lang='lat' dir='ltr'>iegat</span> <span class='ocrx_word' id='word_1_150' title='bbox 1228 2001 1312 2044; x_wconf 88' lang='lat' dir='ltr'>curo.</span> 
     </span>
     <span class='ocr_line' id='line_1_18' title="bbox 162 2089 1313 2179; baseline 0.001 -30"><span class='ocrx_word' id='word_1_151' title='bbox 162 2109 304 2151; x_wconf 90' lang='lat' dir='ltr'>numerus</span> <span class='ocrx_word' id='word_1_152' title='bbox 329 2091 364 2150; x_wconf 91' lang='lat' dir='ltr'>de</span> <span class='ocrx_word' id='word_1_153' title='bbox 389 2093 483 2151; x_wconf 88' lang='lat' dir='ltr'>tauris</span> <span class='ocrx_word' id='word_1_154' title='bbox 507 2100 537 2151; x_wconf 87' lang='lat' dir='ltr'>et</span> <span class='ocrx_word' id='word_1_155' title='bbox 560 2093 656 2151; x_wconf 90' lang='lat' dir='ltr'>vaccis</span> <span class='ocrx_word' id='word_1_156' title='bbox 681 2093 723 2150; x_wconf 93' lang='lat' dir='ltr'>sic</span> <span class='ocrx_word' id='word_1_157' title='bbox 747 2089 914 2169; x_wconf 89' lang='lat' dir='ltr'>habendus,</span> <span class='ocrx_word' id='word_1_158' title='bbox 943 2091 1030 2179; x_wconf 90' lang='lat' dir='ltr'>utin</span> <span class='ocrx_word' id='word_1_159' title='bbox 1054 2091 1206 2168; x_wconf 86' lang='lat' dir='ltr'>sexaginta</span> <span class='ocrx_word' id='word_1_160' title='bbox 1232 2108 1313 2150; x_wconf 89' lang='lat' dir='ltr'>unus</span> 
     </span>
     <span class='ocr_line' id='line_1_19' title="bbox 161 2195 1314 2277; baseline 0.002 -21"><span class='ocrx_word' id='word_1_161' title='bbox 161 2199 201 2258; x_wconf 90' lang='lat' dir='ltr'>sit</span> <span class='ocrx_word' id='word_1_162' title='bbox 232 2197 402 2277; x_wconf 89' lang='lat' dir='ltr'>anniculus,</span> <span class='ocrx_word' id='word_1_163' title='bbox 433 2197 507 2258; x_wconf 87' lang='lat' dir='ltr'>aiter·</span> <span class='ocrx_word' id='word_1_164' title='bbox 540 2197 648 2258; x_wconf 92' lang='lat' dir='ltr'>bimus.</span> <span class='ocrx_word' id='word_1_165' title='bbox 703 2197 822 2276; x_wconf 92' lang='lat' dir='ltr'>quidam</span> <span class='ocrx_word' id='word_1_166' title='bbox 855 2195 965 2256; x_wconf 90' lang='lat' dir='ltr'>habent</span> <span class='ocrx_word' id='word_1_167' title='bbox 996 2203 1048 2256; x_wconf 89' lang='lat' dir='ltr'>aut</span> <span class='ocrx_word' id='word_1_168' title='bbox 1080 2198 1228 2257; x_wconf 87' lang='lat' dir='ltr'>minorem</span> <span class='ocrx_word' id='word_1_169' title='bbox 1261 2205 1314 2258; x_wconf 86' lang='lat' dir='ltr'>aut</span> 
     </span>
     <span class='ocr_line' id='line_1_20' title="bbox 163 2303 1313 2382; baseline 0.001 -19"><span class='ocrx_word' id='word_1_170' title='bbox 163 2307 304 2365; x_wconf 91' lang='lat' dir='ltr'>maiorem</span> <span class='ocrx_word' id='word_1_171' title='bbox 342 2323 499 2365; x_wconf 90' lang='lat' dir='ltr'>numerum</span> <span class='ocrx_word' id='word_1_172' title='bbox 538 2303 697 2382; x_wconf 87' lang='lat' dir='ltr'>[gregum].</span> <span class='ocrx_word' id='word_1_173' title='bbox 753 2322 819 2363; x_wconf 92' lang='lat' dir='ltr'>nam</span> <span class='ocrx_word' id='word_1_174' title='bbox 857 2303 935 2381; x_wconf 88' lang='lat' dir='ltr'>apud</span> <span class='ocrx_word' id='word_1_175' title='bbox 973 2321 1041 2363; x_wconf 93' lang='lat' dir='ltr'>eum</span> <span class='ocrx_word' id='word_1_176' title='bbox 1074 2303 1134 2364; x_wconf 88' lang='lat' dir='ltr'>duo</span> <span class='ocrx_word' id='word_1_177' title='bbox 1167 2305 1249 2364; x_wconf 89' lang='lat' dir='ltr'>tauri</span> <span class='ocrx_word' id='word_1_178' title='bbox 1280 2306 1313 2364; x_wconf 91' lang='lat' dir='ltr'>in</span> 
     </span>
     <span class='ocr_line' id='line_1_21' title="bbox 164 2410 1350 2491; baseline -0.001 -20"><span class='ocrx_word' id='word_1_179' title='bbox 164 2413 350 2490; x_wconf 89' lang='lat' dir='ltr'>septuaginta</span> <span class='ocrx_word' id='word_1_180' title='bbox 378 2410 523 2471; x_wconf 91' lang='lat' dir='ltr'>matribus</span> <span class='ocrx_word' id='word_1_181' title='bbox 552 2419 629 2471; x_wconf 92' lang='lat' dir='ltr'>sunt.</span> <span class='ocrx_word' id='word_1_182' title='bbox 676 2429 832 2470; x_wconf 88' lang='lat' dir='ltr'>numerum</span> <span class='ocrx_word' id='word_1_183' title='bbox 861 2429 983 2489; x_wconf 87' lang='lat' dir='ltr'>gregum</span> <span class='ocrx_word' id='word_1_184' title='bbox 1012 2410 1088 2470; x_wconf 85' lang='lat' dir='ltr'>aiius</span> <span class='ocrx_word' id='word_1_185' title='bbox 1116 2411 1187 2471; x_wconf 87' lang='lat' dir='ltr'>iacit</span> <span class='ocrx_word' id='word_1_186' title='bbox 1211 2411 1350 2491; x_wconf 63' lang='lat' dir='ltr'>aiium72⁰</span> 
     </span>
     <span class='ocr_line' id='line_1_22' title="bbox 164 2518 1311 2598; baseline 0.001 -20"><span class='ocrx_word' id='word_1_187' title='bbox 164 2518 282 2598; x_wconf 89' lang='lat' dir='ltr'>quidam</span> <span class='ocrx_word' id='word_1_188' title='bbox 307 2521 510 2578; x_wconf 89' lang='lat' dir='ltr'>centenarium</span> <span class='ocrx_word' id='word_1_189' title='bbox 533 2518 684 2578; x_wconf 89' lang='lat' dir='ltr'>modicum</span> <span class='ocrx_word' id='word_1_190' title='bbox 707 2525 813 2596; x_wconf 91' lang='lat' dir='ltr'>putant</span> <span class='ocrx_word' id='word_1_191' title='bbox 837 2536 911 2592; x_wconf 88' lang='lat' dir='ltr'>esse,</span> <span class='ocrx_word' id='word_1_192' title='bbox 934 2526 969 2577; x_wconf 92' lang='lat' dir='ltr'>ut</span> <span class='ocrx_word' id='word_1_193' title='bbox 992 2535 1055 2595; x_wconf 89' lang='lat' dir='ltr'>ego.</span> <span class='ocrx_word' id='word_1_194' title='bbox 1100 2520 1221 2579; x_wconf 81' lang='lat' dir='ltr'>Atticus</span> <span class='ocrx_word' id='word_1_195' title='bbox 1243 2536 1311 2579; x_wconf 85' lang='lat' dir='ltr'>cen·</span> 
     </span>
     <span class='ocr_line' id='line_1_23' title="bbox 164 2624 713 2704; baseline -0.002 -19"><span class='ocrx_word' id='word_1_196' title='bbox 164 2633 227 2686; x_wconf 91' lang='lat' dir='ltr'>tum</span> <span class='ocrx_word' id='word_1_197' title='bbox 252 2628 356 2704; x_wconf 91' lang='lat' dir='ltr'>viginti</span> <span class='ocrx_word' id='word_1_198' title='bbox 379 2624 476 2704; x_wconf 82' lang='lat' dir='ltr'>habet,</span> <span class='ocrx_word' id='word_1_199' title='bbox 500 2635 533 2685; x_wconf 90' lang='lat' dir='ltr'>ut</span> <span class='ocrx_word' id='word_1_200' title='bbox 556 2624 713 2685; x_wconf 88' lang='lat' dir='ltr'>Lucienus.</span> 
     </span>
    </p>
   </div>
   <div class='ocr_carea' id='block_1_3' title="bbox 235 2857 1068 2929">
    <p class='ocr_par' dir='ltr' id='par_1_5' title="bbox 235 2857 1068 2929">
     <span class='ocr_line' id='line_1_24' title="bbox 235 2857 1068 2929; baseline -0.002 -16"><span class='ocrx_word' id='word_1_201' title='bbox 235 2866 250 2913; x_wconf 90' lang='grc'>9</span> <span class='ocrx_word' id='word_1_202' title='bbox 269 2858 338 2914; x_wconf 77' lang='lat' dir='ltr'>item</span> <span class='ocrx_word' id='word_1_203' title='bbox 358 2862 390 2914; x_wconf 83' lang='lat' dir='ltr'>ni</span> <span class='ocrx_word' id='word_1_204' title='bbox 408 2859 437 2912; x_wconf 90' lang='lat' dir='ltr'>in</span> <span class='ocrx_word' id='word_1_205' title='bbox 455 2859 571 2928; x_wconf 82' lang='lat' dir='ltr'>reliquis</span> <span class='ocrx_word' id='word_1_206' title='bbox 590 2859 721 2928; x_wconf 84' lang='lat' dir='ltr'>gregibus</span> <span class='ocrx_word' id='word_1_207' title='bbox 741 2875 852 2929; x_wconf 74' lang='lat' dir='ltr'>geopon.</span> <span class='ocrx_word' id='word_1_208' title='bbox 875 2857 968 2911; x_wconf 82' lang='grc' dir='ltr'><strong><em>ΧΥΙΙ</em></strong></span> <span class='ocrx_word' id='word_1_209' title='bbox 988 2863 1032 2925; x_wconf 81' lang='grc'>10,</span> <span class='ocrx_word' id='word_1_210' title='bbox 1051 2863 1068 2911; x_wconf 82' lang='grc'><strong><em>4</em></strong></span> 
     </span>
    </p>
   </div>
   <div class='ocr_carea' id='block_1_4' title="bbox 165 3080 1310 3227">
    <p class='ocr_par' dir='ltr' id='par_1_6' title="bbox 165 3080 1310 3227">
     <span class='ocr_line' id='line_1_25' title="bbox 237 3080 1241 3138; baseline 0.002 -4"><span class='ocrx_word' id='word_1_211' title='bbox 237 3088 250 3134; x_wconf 94' lang='grc'>1</span> <span class='ocrx_word' id='word_1_212' title='bbox 280 3098 436 3136; x_wconf 82' lang='lat' dir='ltr'>mucescere</span> <span class='ocrx_word' id='word_1_213' title='bbox 457 3080 515 3133; x_wconf 99' lang='grc' dir='ltr'>ΡΒ</span> <span class='ocrx_word' id='word_1_214' title='bbox 538 3096 708 3134; x_wconf 81' lang='lat' dir='ltr'>marcescere</span> <span class='ocrx_word' id='word_1_215' title='bbox 727 3097 794 3135; x_wconf 85' lang='lat' dir='ltr'>corr.</span> <span class='ocrx_word' id='word_1_216' title='bbox 814 3097 970 3135; x_wconf 82' lang='lat' dir='ltr'>manescere</span> <span class='ocrx_word' id='word_1_217' title='bbox 989 3082 1016 3135; x_wconf 97' lang='lat' dir='ltr'><strong><em>A</em></strong></span> <span class='ocrx_word' id='word_1_218' title='bbox 1034 3097 1241 3138; x_wconf 85' lang='lat' dir='ltr'>macrescereo</span> 
     </span>
     <span class='ocr_line' id='line_1_26' title="bbox 165 3168 1310 3227; baseline 0.003 -4"><span class='ocrx_word' id='word_1_219' title='bbox 165 3169 203 3223; x_wconf 90' lang='lat' dir='ltr'>sic</span> <span class='ocrx_word' id='word_1_220' title='bbox 228 3171 416 3225; x_wconf 78' lang='lat' dir='ltr'>contuendum</span> <span class='ocrx_word' id='word_1_221' title='bbox 439 3189 456 3224; x_wconf 87' lang='lat' dir='ltr'>o</span> <span class='ocrx_word' id='word_1_222' title='bbox 479 3170 516 3224; x_wconf 82' lang='lat' dir='ltr'>sii</span> <span class='ocrx_word' id='word_1_223' title='bbox 539 3168 726 3224; x_wconf 82' lang='lat' dir='ltr'>contuendum</span> <span class='ocrx_word' id='word_1_224' title='bbox 741 3169 830 3222; x_wconf 85' lang='lat' dir='ltr'>PAB</span> <span class='ocrx_word' id='word_1_225' title='bbox 938 3176 953 3223; x_wconf 78' lang='lat'><strong>2</strong></span> <span class='ocrx_word' id='word_1_226' title='bbox 977 3170 1117 3225; x_wconf 77' lang='lat' dir='ltr'>lactantes</span> <span class='ocrx_word' id='word_1_227' title='bbox 1140 3172 1232 3227; x_wconf 87' lang='lat' dir='ltr'>PAB</span> <span class='ocrx_word' id='word_1_228' title='bbox 1254 3173 1310 3227; x_wconf 85' lang='lat' dir='ltr'>lac-</span> 
     </span>
    </p>
   </div>
   <div class='ocr_carea' id='block_1_5' title="bbox 165 3259 1231 3328">
    <p class='ocr_par' dir='ltr' id='par_1_7' title="bbox 165 3259 1231 3328">
     <span class='ocr_line' id='line_1_27' title="bbox 165 3259 1231 3328; baseline 0.004 -16"><span class='ocrx_word' id='word_1_229' title='bbox 165 3262 256 3314; x_wconf 82' lang='lat' dir='ltr'>tentes</span> <span class='ocrx_word' id='word_1_230' title='bbox 279 3277 295 3315; x_wconf 86' lang='lat' dir='ltr'>o</span> <span class='ocrx_word' id='word_1_231' title='bbox 381 3261 513 3328; x_wconf 80' lang='lat' dir='ltr'>cumbent</span> <span class='ocrx_word' id='word_1_232' title='bbox 536 3261 563 3313; x_wconf 94' lang='grc' dir='ltr'><strong><em>Β</em></strong></span> <span class='ocrx_word' id='word_1_233' title='bbox 648 3265 664 3312; x_wconf 89' lang='lat'>3</span> <span class='ocrx_word' id='word_1_234' title='bbox 693 3259 785 3328; x_wconf 85' lang='lat' dir='ltr'>mane]</span> <span class='ocrx_word' id='word_1_235' title='bbox 814 3274 912 3312; x_wconf 85' lang='lat' dir='ltr'>manus</span> <span class='ocrx_word' id='word_1_236' title='bbox 939 3259 966 3311; x_wconf 89' lang='lat' dir='ltr'><strong><em>A</em></strong></span> <span class='ocrx_word' id='word_1_237' title='bbox 990 3276 1058 3314; x_wconf 85' lang='lat' dir='ltr'>corr.</span> <span class='ocrx_word' id='word_1_238' title='bbox 1082 3277 1165 3315; x_wconf 87' lang='lat' dir='ltr'>mane</span> <span class='ocrx_word' id='word_1_239' title='bbox 1189 3261 1231 3315; x_wconf 73' lang='lat' dir='ltr'>A*</span> 
     </span>
    </p>
   </div>
   <div class='ocr_carea' id='block_1_6' title="bbox 165 3349 1311 3456">
    <p class='ocr_par' dir='ltr' id='par_1_8' title="bbox 165 3349 1311 3456">
     <span class='ocr_line' id='line_1_28' title="bbox 165 3349 1311 3456; baseline 0.002 -18"><span class='ocrx_word' id='word_1_240' title='bbox 165 3349 212 3456; x_wconf 57' lang='lat' dir='ltr'>‘aigi</span> <span class='ocrx_word' id='word_1_241' title='bbox 235 3386 263 3438; x_wconf 94' lang='grc' dir='ltr'><strong><em>Β</em></strong></span> <span class='ocrx_word' id='word_1_242' title='bbox 342 3403 405 3438; x_wconf 90' lang='lat' dir='ltr'>eum</span> <span class='ocrx_word' id='word_1_243' title='bbox 429 3386 575 3440; x_wconf 85' lang='lat' dir='ltr'>creuerunt</span> <span class='ocrx_word' id='word_1_244' title='bbox 598 3383 656 3438; x_wconf 92' lang='lat' dir='ltr'>PB</span> <span class='ocrx_word' id='word_1_245' title='bbox 680 3386 879 3438; x_wconf 84' lang='lat' dir='ltr'>conereuerunt</span> <span class='ocrx_word' id='word_1_246' title='bbox 902 3383 930 3436; x_wconf 87' lang='lat' dir='ltr'><strong><em>A</em></strong></span> <span class='ocrx_word' id='word_1_247' title='bbox 954 3400 1016 3437; x_wconf 92' lang='lat' dir='ltr'>cum</span> <span class='ocrx_word' id='word_1_248' title='bbox 1040 3385 1218 3440; x_wconf 80' lang='lat' dir='ltr'>creuerinto</span> <span class='ocrx_word' id='word_1_249' title='bbox 1295 3390 1311 3440; x_wconf 81' lang='lat' dir='ltr'>b</span> 
     </span>
    </p>
   </div>
   <div class='ocr_carea' id='block_1_7' title="bbox 166 3485 1310 3686">
    <p class='ocr_par' dir='ltr' id='par_1_9' title="bbox 166 3485 1310 3686">
     <span class='ocr_line' id='line_1_29' title="bbox 166 3485 1309 3595; baseline 0.001 -14"><span class='ocrx_word' id='word_1_250' title='bbox 166 3527 275 3583; x_wconf 82' lang='lat' dir='ltr'>stabilis</span> <span class='ocrx_word' id='word_1_251' title='bbox 295 3526 322 3579; x_wconf 97' lang='lat' dir='ltr'><strong><em>A</em></strong></span> <span class='ocrx_word' id='word_1_252' title='bbox 395 3527 594 3594; x_wconf 73' lang='lat' dir='ltr'>fiputroscant</span> <span class='ocrx_word' id='word_1_253' title='bbox 624 3527 678 3578; x_wconf 93' lang='grc' dir='ltr'>ΥΒ</span> <span class='ocrx_word' id='word_1_254' title='bbox 697 3485 845 3595; x_wconf 61' lang='lat' dir='ltr'>puiescunb</span> <span class='ocrx_word' id='word_1_255' title='bbox 867 3526 895 3579; x_wconf 93' lang='lat' dir='ltr'><strong><em>A</em></strong></span> <span class='ocrx_word' id='word_1_256' title='bbox 985 3526 1142 3582; x_wconf 84' lang='lat' dir='ltr'>autumnali</span> <span class='ocrx_word' id='word_1_257' title='bbox 1160 3529 1188 3581; x_wconf 80' lang='lat' dir='ltr'><strong><em>A</em></strong></span> <span class='ocrx_word' id='word_1_258' title='bbox 1212 3531 1309 3582; x_wconf 82' lang='lat' dir='ltr'>autun-</span> 
     </span>
     <span class='ocr_line' id='line_1_30' title="bbox 166 3613 1310 3686; baseline 0.003 -19"><span class='ocrx_word' id='word_1_259' title='bbox 166 3616 225 3670; x_wconf 84' lang='lat' dir='ltr'>nnli</span> <span class='ocrx_word' id='word_1_260' title='bbox 242 3617 270 3668; x_wconf 94' lang='grc' dir='ltr'><strong><em>Β</em></strong></span> <span class='ocrx_word' id='word_1_261' title='bbox 291 3613 455 3668; x_wconf 81' lang='lat' dir='ltr'>auetunuali</span> <span class='ocrx_word' id='word_1_262' title='bbox 479 3614 505 3667; x_wconf 89' lang='lat' dir='ltr'><em>V</em></span> <span class='ocrx_word' id='word_1_263' title='bbox 575 3619 591 3666; x_wconf 89' lang='lat'>8</span> <span class='ocrx_word' id='word_1_264' title='bbox 614 3618 727 3686; x_wconf 66' lang='lat' dir='ltr'>posteat</span> <span class='ocrx_word' id='word_1_265' title='bbox 743 3616 770 3668; x_wconf 96' lang='grc' dir='ltr'><strong><em>Β</em></strong></span> <span class='ocrx_word' id='word_1_266' title='bbox 844 3621 877 3668; x_wconf 85' lang='lat'>10</span> <span class='ocrx_word' id='word_1_267' title='bbox 901 3614 1019 3669; x_wconf 88' lang='lat' dir='ltr'>dilectus</span> <span class='ocrx_word' id='word_1_268' title='bbox 1041 3617 1132 3670; x_wconf 89' lang='lat' dir='ltr'>PAB</span> <span class='ocrx_word' id='word_1_269' title='bbox 1150 3617 1310 3672; x_wconf 82' lang='lat' dir='ltr'>delectuso</span> 
     </span>
    </p>
   </div>
   <div class='ocr_carea' id='block_1_8' title="bbox 166 3702 1305 4394">
    <p class='ocr_par' dir='ltr' id='par_1_10' title="bbox 166 3702 1305 4394">
     <span class='ocr_line' id='line_1_31' title="bbox 256 3702 1305 3771; baseline 0.003 -14"><span class='ocrx_word' id='word_1_270' title='bbox 256 3702 407 3771; x_wconf 81' lang='lat' dir='ltr'>quotannis</span> <span class='ocrx_word' id='word_1_271' title='bbox 426 3704 507 3757; x_wconf 87' lang='lat' dir='ltr'>ABo</span> <span class='ocrx_word' id='word_1_272' title='bbox 527 3704 681 3770; x_wconf 80' lang='lat' dir='ltr'>quodannis</span> <span class='ocrx_word' id='word_1_273' title='bbox 702 3705 730 3757; x_wconf 94' lang='lat' dir='ltr'><strong><em>P</em></strong></span> <span class='ocrx_word' id='word_1_274' title='bbox 817 3704 937 3758; x_wconf 85' lang='lat' dir='ltr'>reiculae</span> <span class='ocrx_word' id='word_1_275' title='bbox 957 3706 1115 3760; x_wconf 74' lang='lat' dir='ltr'>reiciundos</span> <span class='ocrx_word' id='word_1_276' title='bbox 1137 3706 1230 3760; x_wconf 90' lang='lat' dir='ltr'>PAB</span> <span class='ocrx_word' id='word_1_277' title='bbox 1249 3707 1305 3760; x_wconf 87' lang='lat' dir='ltr'>reii-</span> 
     </span>
     <span class='ocr_line' id='line_1_32' title="bbox 168 3787 1300 3862; baseline 0.004 -16"><span class='ocrx_word' id='word_1_278' title='bbox 168 3795 246 3848; x_wconf 87' lang='lat' dir='ltr'>euiae</span> <span class='ocrx_word' id='word_1_279' title='bbox 261 3792 457 3847; x_wconf 86' lang='lat' dir='ltr'>reii&#39;ciundaeu</span> <span class='ocrx_word' id='word_1_280' title='bbox 515 3799 546 3846; x_wconf 79' lang='lat'>12</span> <span class='ocrx_word' id='word_1_281' title='bbox 561 3787 716 3862; x_wconf 72' lang='lat' dir='ltr'>supponere</span> <span class='ocrx_word' id='word_1_282' title='bbox 733 3793 789 3847; x_wconf 94' lang='grc' dir='ltr'>ΥΒ</span> <span class='ocrx_word' id='word_1_283' title='bbox 799 3794 955 3862; x_wconf 85' lang='lat' dir='ltr'>subponere</span> <span class='ocrx_word' id='word_1_284' title='bbox 965 3797 992 3847; x_wconf 88' lang='lat' dir='ltr'><strong><em>A</em></strong></span> <span class='ocrx_word' id='word_1_285' title='bbox 1050 3802 1080 3848; x_wconf 84' lang='lat'>13</span> <span class='ocrx_word' id='word_1_286' title='bbox 1091 3796 1212 3850; x_wconf 80' lang='lat' dir='ltr'>triticios</span> <span class='ocrx_word' id='word_1_287' title='bbox 1222 3796 1300 3850; x_wconf 82' lang='grc' dir='ltr'>ΡΑ]</span> 
     </span>
     <span class='ocr_line' id='line_1_33' title="bbox 166 3882 1293 3952; baseline 0 -16"><span class='ocrx_word' id='word_1_288' title='bbox 166 3882 316 3938; x_wconf 81' lang='lat' dir='ltr'>triticeosu</span> <span class='ocrx_word' id='word_1_289' title='bbox 354 3888 385 3936; x_wconf 79' lang='lat'>15</span> <span class='ocrx_word' id='word_1_290' title='bbox 401 3882 571 3952; x_wconf 86' lang='lat' dir='ltr'>conpluraA</span> <span class='ocrx_word' id='word_1_291' title='bbox 586 3883 730 3951; x_wconf 83' lang='lat' dir='ltr'>complura</span> <span class='ocrx_word' id='word_1_292' title='bbox 743 3883 799 3935; x_wconf 93' lang='grc' dir='ltr'>ΥΒ</span> <span class='ocrx_word' id='word_1_293' title='bbox 837 3889 869 3935; x_wconf 84' lang='grc'>16</span> <span class='ocrx_word' id='word_1_294' title='bbox 883 3884 998 3950; x_wconf 64' lang='lat' dir='ltr'>sonasse</span> <span class='ocrx_word' id='word_1_295' title='bbox 1007 3884 1208 3938; x_wconf 82' lang='lat' dir='ltr'>armentarium</span> <span class='ocrx_word' id='word_1_296' title='bbox 1219 3901 1293 3939; x_wconf 85' lang='lat' dir='ltr'>meur</span> 
     </span>
     <span class='ocr_line' id='line_1_34' title="bbox 166 3971 1287 4041; baseline 0.002 -16"><span class='ocrx_word' id='word_1_297' title='bbox 166 3973 276 4041; x_wconf 86' lang='lat' dir='ltr'>habere,</span> <span class='ocrx_word' id='word_1_298' title='bbox 297 3972 393 4028; x_wconf 87' lang='lat' dir='ltr'>crebro</span> <span class='ocrx_word' id='word_1_299' title='bbox 465 3972 544 4040; x_wconf 82' lang='lat' dir='ltr'>legat</span> <span class='ocrx_word' id='word_1_300' title='bbox 561 3971 617 4024; x_wconf 92' lang='grc' dir='ltr'>ΥΒ</span> <span class='ocrx_word' id='word_1_301' title='bbox 635 3972 732 4039; x_wconf 84' lang='lat' dir='ltr'>tegani</span> <span class='ocrx_word' id='word_1_302' title='bbox 744 3973 772 4025; x_wconf 91' lang='lat' dir='ltr'><strong><em>A</em></strong></span> <span class='ocrx_word' id='word_1_303' title='bbox 845 3978 876 4025; x_wconf 80' lang='lat'>17</span> <span class='ocrx_word' id='word_1_304' title='bbox 897 3973 936 4025; x_wconf 89' lang='lat' dir='ltr'>sic</span> <span class='ocrx_word' id='word_1_305' title='bbox 955 3973 1099 4027; x_wconf 86' lang='lat' dir='ltr'>habendus</span> <span class='ocrx_word' id='word_1_306' title='bbox 1117 3990 1133 4026; x_wconf 88' lang='lat' dir='ltr'>o</span> <span class='ocrx_word' id='word_1_307' title='bbox 1152 3975 1191 4027; x_wconf 86' lang='lat' dir='ltr'>sit</span> <span class='ocrx_word' id='word_1_308' title='bbox 1209 3975 1287 4029; x_wconf 78' lang='lat' dir='ltr'>haber</span> 
     </span>
     <span class='ocr_line' id='line_1_35' title="bbox 166 4061 1280 4130; baseline 0.003 -16"><span class='ocrx_word' id='word_1_309' title='bbox 166 4061 217 4114; x_wconf 91' lang='lat' dir='ltr'>dus</span> <span class='ocrx_word' id='word_1_310' title='bbox 234 4062 291 4114; x_wconf 92' lang='lat' dir='ltr'>PB</span> <span class='ocrx_word' id='word_1_311' title='bbox 310 4062 348 4115; x_wconf 81' lang='lat' dir='ltr'>sii</span> <span class='ocrx_word' id='word_1_312' title='bbox 366 4062 530 4115; x_wconf 85' lang='lat' dir='ltr'>abendusA</span> <span class='ocrx_word' id='word_1_313' title='bbox 552 4063 593 4115; x_wconf 82' lang='lat' dir='ltr'>est</span> <span class='ocrx_word' id='word_1_314' title='bbox 611 4061 651 4113; x_wconf 90' lang='lat' dir='ltr'>sic</span> <span class='ocrx_word' id='word_1_315' title='bbox 669 4061 813 4114; x_wconf 79' lang='lat' dir='ltr'>habendus</span> <span class='ocrx_word' id='word_1_316' title='bbox 826 4078 853 4114; x_wconf 88' lang='lat' dir='ltr'>m</span> <span class='ocrx_word' id='word_1_317' title='bbox 909 4067 941 4114; x_wconf 90' lang='grc'>19</span> <span class='ocrx_word' id='word_1_318' title='bbox 961 4078 1076 4130; x_wconf 88' lang='lat' dir='ltr'>gregum</span> <span class='ocrx_word' id='word_1_319' title='bbox 1088 4063 1184 4130; x_wconf 79' lang='lat' dir='ltr'>priore</span> <span class='ocrx_word' id='word_1_320' title='bbox 1199 4062 1280 4117; x_wconf 86' lang='lat' dir='ltr'>locoi</span> 
     </span>
     <span class='ocr_line' id='line_1_36' title="bbox 167 4148 1274 4218; baseline 0.003 -16"><span class='ocrx_word' id='word_1_321' title='bbox 167 4151 247 4203; x_wconf 75' lang='lat' dir='ltr'>clusit</span> <span class='ocrx_word' id='word_1_322' title='bbox 262 4149 369 4217; x_wconf 81' lang='lat' dir='ltr'>Popmo</span> <span class='ocrx_word' id='word_1_323' title='bbox 440 4150 513 4218; x_wconf 84' lang='lat' dir='ltr'>apud</span> <span class='ocrx_word' id='word_1_324' title='bbox 528 4149 653 4203; x_wconf 80' lang='lat' dir='ltr'>Atticum</span> <span class='ocrx_word' id='word_1_325' title='bbox 674 4148 798 4217; x_wconf 79' lang='lat' dir='ltr'>Ursinus,</span> <span class='ocrx_word' id='word_1_326' title='bbox 818 4150 892 4217; x_wconf 87' lang='lat' dir='ltr'>apud</span> <span class='ocrx_word' id='word_1_327' title='bbox 907 4149 1001 4203; x_wconf 89' lang='lat' dir='ltr'>Seium</span> <span class='ocrx_word' id='word_1_328' title='bbox 1016 4151 1122 4218; x_wconf 82' lang='lat' dir='ltr'>Popma</span> <span class='ocrx_word' id='word_1_329' title='bbox 1195 4157 1227 4204; x_wconf 82' lang='lat'>21</span> <span class='ocrx_word' id='word_1_330' title='bbox 1250 4168 1274 4205; x_wconf 80' lang='lat' dir='ltr'>cr</span> 
     </span>
     <span class='ocr_line' id='line_1_37' title="bbox 167 4235 1268 4307; baseline 0.005 -19"><span class='ocrx_word' id='word_1_331' title='bbox 167 4240 278 4289; x_wconf 83' lang='lat' dir='ltr'>taurum</span> <span class='ocrx_word' id='word_1_332' title='bbox 298 4235 400 4304; x_wconf 82' lang='lat' dir='ltr'>uiginti</span> <span class='ocrx_word' id='word_1_333' title='bbox 421 4237 510 4291; x_wconf 85' lang='lat' dir='ltr'>PAR</span> <span class='ocrx_word' id='word_1_334' title='bbox 530 4237 602 4290; x_wconf 84' lang='lat' dir='ltr'>CXX</span> <span class='ocrx_word' id='word_1_335' title='bbox 621 4255 645 4291; x_wconf 85' lang='lat' dir='ltr'>u.</span> <span class='ocrx_word' id='word_1_336' title='bbox 684 4236 823 4305; x_wconf 78' lang='lat' dir='ltr'>‘Optimus</span> <span class='ocrx_word' id='word_1_337' title='bbox 842 4239 925 4291; x_wconf 72' lang='lat' dir='ltr'>cudere</span> <span class='ocrx_word' id='word_1_338' title='bbox 943 4239 1107 4307; x_wconf 77' lang='lat' dir='ltr'>inquinatus</span> <span class='ocrx_word' id='word_1_339' title='bbox 1121 4261 1130 4293; x_wconf 87' lang='lat'>.·</span> <span class='ocrx_word' id='word_1_340' title='bbox 1143 4240 1224 4293; x_wconf 77' lang='lat' dir='ltr'>babet</span> <span class='ocrx_word' id='word_1_341' title='bbox 1242 4256 1268 4294; x_wconf 83' lang='lat' dir='ltr'>cr</span> 
     </span>
     <span class='ocr_line' id='line_1_38' title="bbox 168 4324 628 4394; baseline 0.002 -16"><span class='ocrx_word' id='word_1_342' title='bbox 168 4325 335 4378; x_wconf 82' lang='lat' dir='ltr'>Centaurum</span> <span class='ocrx_word' id='word_1_343' title='bbox 355 4324 467 4394; x_wconf 84' lang='lat' dir='ltr'>uiginti&#39;</span> <span class='ocrx_word' id='word_1_344' title='bbox 492 4325 628 4380; x_wconf 77' lang='lat' dir='ltr'>Victorius</span> 
     </span>
    </p>
   </div>
   <div class='ocr_carea' id='block_1_9' title="bbox 0 0 1516 5026">
    <p class='ocr_par' dir='ltr' id='par_1_11' title="bbox 0 0 1516 5026">
     <span class='ocr_line' id='line_1_39' title="bbox 0 0 1516 5026; baseline 0 0"><span class='ocrx_word' id='word_1_345' title='bbox 0 0 1516 5026; x_wconf 95' lang='lat' dir='ltr'> </span> 
     </span>
    </p>
   </div>
  </div>
 </body>
</html>
