3000 5026
463 329 844 392 anavn'nvsricanvu
864 336 931 394 LIB.
950 337 990 392 ΙΙΙ
1011 332 1027 389 1
1260 338 1326 402 265

180 504 210 562 in
243 504 320 563 casis
353 510 384 563 et
411 505 540 582 tuguriis
568 503 738 564 habitabant
766 523 820 565 nec
848 522 953 566 murus
980 512 1010 566 et
1033 511 1118 584 porta
1147 504 1218 584 quid
1246 515 1325 567 esset

182 607 327 690 sciebant,
358 610 469 670 inmani
504 629 627 672 numero
659 628 807 671 annorum
834 610 964 672 urbanos
993 611 1137 691 agricolae
1165 620 1325 692 praestant.

181 734 235 775 nec
263 717 386 799 mirum,
415 717 493 796 quod
521 717 619 778 divina
646 726 751 778 natura
780 717 861 778 dedit
889 737 988 800 agros,
1018 738 1066 780 ars
1083 719 1219 780 ¹humana
1242 719 1350 780 aedi-4

182 823 278 883 boarit
306 822 411 904 urbes,
440 843 509 884 cum
537 832 616 884 artes
646 842 748 884 omnes
776 824 914 886 dicantur
941 828 971 886 in
996 825 1118 886 Graecia
1145 828 1222 894 intra
1246 825 1326 886 mille

158 949 328 991 sannorum
359 939 508 1010 repertae,
535 933 599 1010 agri
622 949 783 1010 numquam
807 951 866 992 non
891 933 1002 994 luerint
1025 936 1055 993 in
1081 935 1170 993 terris
1194 936 1246 1012 qui
1269 932 1327 993 coli

184 1039 306 1116 possint.
352 1056 450 1117 neque
478 1038 574 1099 solorn
605 1024 754 1117 antiquior
778 1038 893 1100 cultura
918 1041 994 1120 agri,
1023 1040 1186 1101 sedetiam
1211 1039 1325 1100 melior.

184 1147 282 1223 itaque
306 1163 365 1205 non
390 1147 453 1205 sine
478 1164 565 1207 causa
588 1147 715 1206 maiores
734 1147 830 1206 nostri
848 1164 883 1205 ex
903 1145 977 1207 urbe
996 1148 1027 1206 in
1047 1165 1132 1225 agros
1152 1145 1326 1224 redigebant

185 1270 253 1312 suos
281 1253 374 1334 cives,
402 1252 480 1331 quod
510 1260 539 1313 et
567 1255 597 1313 in
621 1270 693 1331 pace
717 1272 732 1312 a
760 1253 881 1313 rusticis
904 1252 1044 1313 Romanis
1067 1253 1221 1314 alebantur
1245 1260 1274 1313 et
1297 1255 1326 1313 in

186 1357 259 1418 hello
282 1357 319 1418 ab
342 1360 380 1419 iis
402 1359 565 1422 alebantur.
597 1378 652 1420 nec
676 1361 847 1437 sinecausa
867 1367 976 1420 terram
996 1360 1119 1421 eandem
1138 1358 1352 1439 appellabantb

153 1474 309 1526 amatrem
333 1473 363 1526 et
386 1466 539 1547 Cererem,
568 1476 597 1528 et
621 1469 673 1546 qui
696 1485 759 1528 earn
784 1467 930 1548 colerent,
958 1469 1036 1546 piam
1060 1474 1090 1527 et
1113 1466 1216 1527 utilem
1240 1483 1327 1543 agere

187 1574 273 1633 vitam
301 1573 462 1634 credebant
490 1582 578 1653 atque
607 1593 658 1634 eos
683 1574 760 1634 solos
785 1573 916 1653 reliquos
940 1592 1005 1634 esse
1030 1592 1065 1634 ex
1089 1576 1182 1653 stirpe
1207 1572 1327 1633 Saturni

188 1682 272 1758 regis.
319 1682 368 1740 cui
396 1687 628 1742 consentaneum
659 1689 718 1762 est,
751 1681 829 1759 quod
858 1681 942 1741 initia
970 1688 1113 1742 vocantur
1140 1681 1327 1761 potissimum

189 1805 218 1846 ea
250 1804 326 1866 quae
354 1786 456 1848 Cereri
488 1789 562 1848 hunt
590 1806 681 1848 sacra.
732 1806 787 1848 nec
816 1790 913 1849 minus
941 1789 1041 1875 oppidi
1069 1805 1187 1868 qnoque
1215 1794 1353 1852 nomenti

188 1891 303 1953 Thebae
335 1894 446 1955 indicat
479 1896 676 1974 antiquiorem
705 1914 770 1956 esse
799 1913 915 1976 agrum,
949 1896 1026 1974 quod
1055 1895 1091 1955 ab
1120 1896 1184 1973 agri
1210 1911 1329 1974 genere,

115 2021 155 2060 15
187 2017 245 2060 noo
274 2019 290 2060 a
321 2001 473 2062 conditore
497 2021 605 2063 nomen
629 2005 656 2064 ei
680 2012 725 2064 est
748 2004 918 2082 inpositurn.
965 2002 1154 2091 namlingua
1178 2003 1275 2080 prisca
1300 2007 1330 2060 et

183 2107 219 2165 in
245 2107 366 2167 Graecia
394 2108 492 2168 Aeolis
519 2109 622 2170 Boeoti
649 2112 713 2170 sine
741 2110 850 2170 adflatu
878 2117 983 2170 vocant
1010 2107 1093 2169 collis
1120 2107 1216 2189 tabas,
1245 2111 1275 2166 et
1298 2108 1329 2165 in

184 2211 318 2294 Sabinis,
346 2233 405 2292 quo
429 2234 445 2275 e
468 2215 590 2278 Graecia
614 2225 760 2279 venerunt
781 2217 910 2298 Pelasgi,
939 2217 1027 2277 etiam
1050 2234 1130 2276 nunc
1153 2217 1193 2276 ita
1217 2213 1330 2294 dicunt,

260 2498 273 2544 1
302 2509 353 2548 nec
380 2512 475 2548 murus
503 2497 532 2549 et
559 2499 641 2566 porta
666 2494 734 2565 quid
761 2495 836 2550 esset
864 2495 919 2549 VB
942 2511 993 2549 nec
1017 2512 1112 2549 murus
1136 2496 1215 2565 (corr.
1238 2525 1268 2534 -
1288 2495 1331 2564 os)

172 2596 240 2634 nec
265 2585 361 2650 portas
389 2583 457 2651 quid
485 2600 545 2639 ease
568 2585 596 2640 A
622 2603 674 2640 nec
701 2602 794 2640 muros
819 2601 871 2640 nec
894 2586 989 2654 portas
1013 2584 1080 2654 qaid
1103 2586 1177 2639 esset
1198 2600 1225 2637 nr
1314 2589 1330 2636 2

174 2665 294 2724 inmani
312 2670 340 2725 A
362 2671 479 2727 immani
504 2674 559 2728 VB
630 2675 750 2729 urbanos
772 2674 863 2728 PAB
887 2673 1034 2728 urbanisu
1107 2679 1287 2742 bnunquam
1309 2670 1336 2724 V

244 2766 258 2813 ‘l
277 2759 307 2814 in
327 2776 409 2830 agros
422 2781 439 2815 o
459 2762 488 2816 in
507 2761 582 2832 agris
599 2763 690 2816 PAB
744 2767 760 2815 8
781 2761 874 2825 ‘Quod
893 2763 922 2815 et
939 2762 968 2815 in
986 2778 1055 2831 pace
1074 2778 1092 2814 a
1105 2761 1216 2815 rusticis
1231 2761 1262 2816 L.
1277 2760 1332 2815 ale·

173 2844 291 2903 bantur
309 2849 468 2921 [atuaticis
487 2850 608 2906 romanis
628 2851 776 2905 alebantur
793 2851 825 2903 in
844 2851 961 2904 editione
983 2849 1142 2920 Victorius]‚
1162 2851 1192 2903 et
1208 2849 1238 2902 in
1256 2848 1332 2902 bello

129 2941 134 2945 '
172 2936 273 2992 abiis
287 2939 445 2994 tuebantur.
473 2939 558 2994 Hunc
572 2940 659 2994 iocum
673 2940 704 2993 in
718 2939 823 2993 curtatis
837 2955 922 2992 manu
937 2938 1047 3007 scriptis
1057 2939 1213 2992 mendosum
1222 2938 1331 2990 inueni:

176 3039 251 3080 cun
273 3032 362 3082 autern
384 3029 455 3083 nibil
478 3029 512 3083 ab
536 3029 640 3083 mensis
662 3028 845 3094 centauream,
868 3032 982 3082 ueterem
1004 3027 1170 3095 scripturam
1190 3040 1265 3079 nune
1288 3024 1331 3077 in·

176 3114 282 3170 dicare
301 3118 375 3171 nolo:
394 3118 426 3170 in
444 3134 499 3186 qua
517 3118 588 3172 idem
606 3119 720 3172 uerbum
737 3118 850 3172 secundi
868 3117 979 3170 membri
997 3115 1062 3183 ginis
1080 3119 1127 3182 est,
1146 3115 1218 3183 quod
1231 3112 1333 3182 primi.-

179 3203 223 3257 id
235 3210 282 3273 est,
291 3203 334 3258 Ab
344 3205 378 3260 iis
393 3206 547 3276 alebantur,
561 3207 593 3260 in
607 3207 720 3261 mtnstis
730 3206 877 3272 codicibus,
887 3210 1013 3272 utsupra
1022 3203 1049 3257 A
1059 3204 1170 3258 rusticis
1179 3201 1333 3256 homiuibus

182 3294 467 3363 annuntiarentur
488 3295 625 3350 Victorius
679 3295 750 3349 aab
767 3295 801 3348 iis
816 3295 875 3349 AB
889 3294 925 3349 ab
939 3293 983 3346 his
1003 3292 1030 3346 V
1082 3291 1230 3346 alebantur
1243 3289 1333 3343 PAB
1379 3311 1382 3315 ⁴

181 3379 343 3438 tuebantur
361 3385 390 3438 et
408 3385 555 3440 alebantur
564 3387 713 3456 posteriore
726 3387 812 3439 loeou
868 3389 901 3438 10
920 3399 1042 3438 cererem
1062 3381 1117 3436 VB
1134 3397 1239 3436 cerrem
1253 3379 1281 3434 A

187 3483 274 3541 agere
292 3471 383 3528 uitam
397 3474 457 3528 AB
476 3474 564 3529 uitam
582 3491 666 3544 agere
686 3474 712 3527 V
764 3480 794 3526 11
816 3474 900 3541 atque
915 3473 962 3526 Bo
981 3471 1073 3539 adque
1087 3469 1145 3524 PA
1200 3470 1272 3524 solos
1291 3485 1334 3521 re-

186 3554 284 3630 liquos
304 3563 408 3632 PAB,
431 3565 477 3619 sed
500 3581 530 3618 os
550 3570 663 3634 utroque
682 3565 738 3618 loeo
756 3565 788 3618 in
804 3579 906 3618 rasum
924 3561 952 3616 A
971 3561 1045 3616 solos
1064 3558 1197 3629 reliquias
1216 3576 1263 3613 mu

190 3649 293 3723 stirpe]
313 3651 400 3721 stripe
413 3653 441 3707 A
497 3659 528 3707 12
548 3654 623 3721 quod
641 3652 723 3708 init-ia
741 3684 774 3692 -
794 3668 845 3707 nec
859 3652 950 3706 minus
963 3653 995 3706 in
1008 3651 1132 3722 margine
1144 3650 1249 3718 scripta
1263 3649 1293 3702 in
1307 3647 1335 3701 A

250 3746 282 3794 14
300 3741 406 3795 indicat
419 3759 465 3796 mu
481 3740 709 3797 indicantPAB
763 3757 851 3809 essent
866 3756 964 3810 agrum
977 3740 1005 3793 B
1059 3736 1335 3809 agrigenerePAB

191 3828 276 3896 argin
301 3847 401 3898 graece
425 3847 440 3884 a
460 3871 465 3883 .
486 3828 564 3883 Unde
592 3830 656 3884 sunt
677 3829 789 3884 Thebae
812 3830 971 3898 appellatae
993 3831 1025 3883 in
1048 3831 1171 3900 margine
1189 3828 1336 3895 adscripsit

195 3911 356 3973 Politiunus
403 3918 804 3988 lbinpositumAimpositum
815 3918 872 3972 VB
918 3924 950 3974 16
960 3918 1047 3973 aeolis
1057 3917 1260 3972 boeotiPeolis
1270 3915 1335 3970 boe-

195 4003 279 4060 otiA
297 4007 386 4062 aeblis
405 4007 500 4062 boeoti
514 4008 550 4075 B,
569 4009 600 4062 in
618 4023 670 4077 qno
686 4007 773 4061 aeblis
787 4039 821 4046 -
836 4006 953 4061 Graecia
966 4007 997 4059 in
1010 4006 1134 4073 margine
1146 4006 1251 4072 scripta
1263 4009 1337 4067 sunt,

196 4094 290 4150 aeoles
308 4096 430 4153 boetiiu
503 4096 609 4149 adflatu
627 4096 654 4149 A
673 4097 769 4151 afflatu
789 4096 844 4150 VB
915 4097 1017 4150 uocant
1035 4093 1115 4147 collis
1129 4093 1228 4146 thebas
1245 4091 1337 4144 PAB

194 4186 299 4238 uocant
321 4184 391 4240 eolis
415 4186 515 4240 thebas
533 4202 561 4239 m
584 4186 686 4239 uocant
709 4185 796 4240 aeolis
819 4185 899 4239 tabas
916 4201 940 4240 a.
979 4182 1100 4238 ‘Vocant
1122 4179 1202 4235 collis
1220 4180 1336 4233 Thebas.

198 4264 253 4323 Ita
267 4275 408 4330 emendant
426 4291 439 4328 e
457 4275 571 4328 uetustis
585 4275 723 4330 codicibus
733 4315 738 4326 .
750 4279 831 4328 antea
844 4275 876 4327 in
890 4274 995 4327 mensis
1009 4270 1103 4326 Aeolis
1118 4275 1242 4339 corrupte
1252 4289 1260 4321 .·
1269 4285 1338 4339 quae

122 4406 125 4411 .
196 4355 382 4419 tumulenta
400 4365 431 4416 in
449 4363 708 4418 semiuetereeadiee
726 4382 744 4418 a
758 4381 798 4417 me
811 4365 926 4417 inuenta
939 4362 986 4416 est’
1013 4361 1152 4416 Victorius
1206 4365 1238 4413 11
1253 4357 1339 4412 etiam

198 4455 274 4505 nune
291 4453 331 4508 ita
350 4454 408 4508 PB
430 4441 515 4506 etiam
533 4453 575 4507 ita
592 4453 619 4506 A
638 4451 724 4507 etiam
742 4451 783 4506 ita
801 4467 873 4505 nunc
891 4468 917 4506 n
936 4451 964 4506 et
982 4467 1055 4505 nunc
1073 4448 1148 4505 itan
