3000 5026
109 368 127 378 „
175 294 242 358 274
666 295 853 352 vaanonrs

173 464 271 540 pisces
294 465 325 521 iu
348 481 423 542 aqua
447 461 536 545 dulci,
559 465 666 541 partim
685 463 765 542 quod
784 465 817 523 in
835 465 956 523 marina.
989 462 1027 523 de
1045 462 1093 522 his
1111 480 1165 522 sex
1184 461 1321 541 partibus

173 569 209 628 ad
232 571 289 628 ista
313 572 369 629 tria
398 587 507 647 genera
535 570 683 630 artificum
710 570 853 650 paranda,
881 587 1012 648 aucupes
1040 577 1198 629 venatores
1225 570 1320 648 pisca·

173 683 262 755 tores,
286 683 337 736 aut
360 675 396 736 ah
419 677 456 736 iis
480 676 603 737 emenda
628 695 702 756 quae
721 686 841 738 tuorum
862 695 1017 738 servorum
1035 676 1187 754 diligentia
1206 677 1320 736 tuearis

171 783 202 841 in
230 783 327 844 lotura
354 784 390 843 ad
419 794 523 863 partus
553 792 584 844 et
610 792 678 845 nata
706 786 858 846 nutricare
886 785 1078 863 saginesque,
1107 785 1137 843 in
1162 782 1319 843 macellum

172 895 205 947 ut
232 892 413 967 perveniant.
459 908 557 970 neque
584 910 643 951 non
672 894 760 952 etiam
789 890 933 971 quaedam
962 888 1142 950 adsumenda
1165 891 1198 950 iu
1222 889 1319 950 viliam
1345 903 1357 943 5

171 997 235 1055 sine
251 996 365 1056 retibus
380 999 504 1075 aucupis
524 999 672 1057 venatoris
690 998 857 1076 piscatoris,
875 1006 909 1057 ut
928 996 1018 1076 glires
1037 995 1167 1057 cochlias
1186 996 1320 1074 gallinas.

135 1103 277 1165 hearum
305 1122 406 1164 reruni
435 1103 551 1165 cultura
579 1106 714 1164 instituta
742 1106 837 1183 prima
864 1121 898 1164 ea
926 1121 1002 1182 quae
1029 1104 1061 1162 in
1088 1102 1155 1163 villa
1183 1103 1319 1164 hahetur.

171 1227 230 1270 non
259 1213 338 1270 enim
366 1212 462 1271 solum
490 1228 618 1290 augures
641 1211 766 1270 Romani
793 1211 829 1272 ad
857 1212 989 1289 auspicia
1016 1210 1147 1288 primum
1175 1217 1319 1288 pararunt

170 1316 281 1397 pullos,
312 1317 363 1378 sed
391 1319 480 1377 etiam
509 1324 610 1396 patres
636 1317 763 1377 familiae
791 1335 870 1378 rure.
917 1316 1060 1396 securtda,
1089 1334 1165 1395 quae
1189 1317 1318 1377 macerie

169 1424 205 1483 ad
238 1423 335 1485 villam
370 1426 536 1485 venationis
564 1442 653 1484 causa
681 1424 844 1485 cluduntur
870 1432 901 1485 et
927 1432 1051 1503 propter
1077 1422 1195 1483 alvaria.
1246 1441 1317 1502 apes
1331 1437 1358 1474 1·

169 1534 248 1591 enim
281 1530 385 1593 subter
419 1531 587 1610 sngrundas
620 1529 656 1590 ab
689 1532 774 1591 initio
807 1530 935 1591 villatico
966 1548 1038 1592 usae
1071 1537 1160 1590 tecto.
1211 1533 1316 1590 tertiae

168 1641 300 1717 piscinae
327 1637 430 1698 dulces
458 1639 524 1697 sieri
552 1644 674 1717 coeptae
703 1646 734 1698 et
758 1657 775 1698 e
798 1638 971 1698 fluminibus
994 1644 1097 1715 captos
1120 1639 1258 1716 recipere
1281 1637 1314 1698 ad

142 1751 204 1829 lise
227 1746 334 1824 pisces
376 1744 514 1805 omnihus
534 1744 629 1805 tribus
653 1744 700 1804 his
723 1745 884 1824 generibus
907 1753 978 1805 sunt
1001 1744 1064 1804 hini
1086 1744 1206 1825 gradus,
1230 1762 1314 1824 supe·

167 1855 276 1933 riores,
300 1870 375 1931 quos
398 1852 551 1930 frugalitas
575 1855 708 1934 antiqua,
732 1854 904 1928 interiores,
928 1871 1003 1931 quos
1026 1851 1142 1912 luxuria
1166 1853 1316 1930 posterior

167 1959 282 2020 adiecit.
325 1961 440 2038 primus
464 1961 544 2019 eninr
567 1959 616 2019 illc
640 1959 749 2037 gradus
773 1962 889 2020 anticus
911 1961 1058 2019 maiorum
1081 1965 1219 2019 nostrum
1242 1967 1314 2038 erat,
1327 1974 1358 2008 2

166 2069 197 2126 iu
225 2085 284 2145 quo
313 2074 415 2126 essent
442 2068 550 2127 aviaria
579 2067 639 2127 duo
668 2066 833 2127 dumtaxat:
866 2069 898 2126 in
925 2066 1013 2145 plano
1041 2066 1164 2147 cohors,
1196 2066 1228 2126 in
1256 2083 1313 2145 qua

165 2172 363 2252 pascebantur
392 2172 530 2253 gallinae,
559 2180 589 2234 et
616 2191 719 2233 earum
746 2173 863 2233 fructus
892 2180 957 2233 erat
982 2192 1037 2233 ova
1066 2180 1098 2233 et
1123 2171 1212 2253 pulli,
1240 2172 1314 2234 alter

165 2279 314 2359 sublimis,
347 2282 378 2340 in
411 2299 470 2358 quo
499 2290 584 2341 erant
611 2278 765 2340 columbae
793 2281 824 2338 in
852 2279 987 2340 turribus
1016 2288 1067 2340 aut
1094 2298 1211 2339 summa
1238 2279 1314 2340 villa.

140 2389 271 2446 lcontra
291 2405 370 2447 nunc
390 2388 496 2445 aviaria
516 2393 586 2446 sunt
603 2388 722 2445 nomine
736 2394 858 2466 mutato,
878 2386 956 2465 quod
974 2395 1114 2447 vocantur
1129 2386 1314 2468 ornithonas

166 2510 240 2571 quae
273 2492 404 2570 palatum
438 2510 526 2551 suave
560 2493 671 2552 domini
704 2494 831 2573 paravit,
864 2500 897 2552 ut
930 2500 1007 2552 tecta
1036 2495 1147 2552 maiora
1175 2492 1313 2573 habeant,

166 2650 377 2658 ...ὴ-...ηια-

236 2739 250 2786 1
275 2733 349 2801 quod
369 2733 474 2787 habent
491 2732 521 2787 in
539 2733 661 2800 marina,
680 2734 727 2789 sed
743 2733 850 2789 habent
867 2735 983 2790 (1111111111
1000 2735 1029 2809 Β
1101 2741 1117 2790 2
1140 2736 1259 2803 fortune
1277 2735 1313 2790 ad

162 2824 218 2880 ista
239 2823 295 2878 tria
317 2837 420 2892 genera
441 2821 562 2878 totidem
585 2838 690 2894 genera
707 2823 846 2879 artificum
864 2824 990 2893 paranda
1061 2824 1098 2879 ad
1116 2824 1173 2878 ista
1198 2825 1257 2880 VB
1277 2826 1312 2879 ad

161 2911 237 2966 histo
255 2912 284 2967 A
306 2912 398 2966 adhuc
419 2911 476 2966 ista
493 2911 566 2966 A'm
638 2912 791 2968 artificcnm
814 2928 885 2968 corr.
907 2913 1046 2969 unificum
1064 2914 1092 2967 A
1164 2920 1181 2968 3
1206 2917 1259 2970 aut
1276 2915 1312 2969 ab

160 3000 204 3055 his
218 3000 342 3071 Scaliger
361 3003 391 3054 ut
410 2987 446 3055 ah
464 2999 499 3054 iis
513 3000 605 3054 PAB
623 3002 655 3055 nt
673 3003 709 3056 ab
728 3002 807 3056 hiso
864 3008 882 3056 4
900 3001 1011 3057 foetura
1030 3001 1057 3055 V
1107 3001 1251 3058 nutricare
1268 3018 1313 3058 sa—

160 3088 295 3158 ginesque
318 3089 441 3160 Scaliger
463 3090 603 3144 nutricare
627 3089 788 3159 saginisque
815 3091 908 3145 PAB
929 3091 1070 3146 nutricare
1092 3091 1261 3160 saginaeque
1285 3109 1311 3147 o.

162 3178 210 3232 ‘ut
223 3180 292 3232 nata
304 3178 444 3233 nutricare
459 3176 651 3248 saginareque.
679 3179 815 3234 Dcsscatc't
830 3197 848 3233 a
861 3182 998 3235 communi
1010 3181 1070 3247 huc,
1084 3181 1204 3250 ontiqm
1218 3181 1319 3236 tecue:

160 3283 242 3335 quarn
259 3268 285 3321 si
302 3284 358 3322 sea
376 3271 471 3339 recepi,
493 3274 584 3324 tumen
601 3273 694 3323 uotam
712 3284 766 3323 esse
783 3270 858 3324 uolo:
878 3269 1029 3336 Nutrieari,
1048 3268 1219 3340 saginisque,
1240 3270 1309 3326 oto.’

157 3354 303 3429 'Victorias
374 3362 391 3410 5
409 3358 576 3427 perueniant
593 3375 641 3412 mo
659 3356 789 3425 peruiant
805 3357 896 3412 PAB
968 3357 1140 3412 adsumenda
1152 3358 1216 3413 AB
1234 3374 1342 3414 asan-

159 3445 260 3499 menda
275 3443 505 3499 Vassumendnm
526 3447 643 3501 Ursinus
687 3452 703 3500 6
722 3445 844 3500 cochlias
858 3445 979 3515 gallinas
991 3446 1019 3499 P
1031 3446 1134 3502 coclias
1148 3446 1274 3518 gallinas
1284 3448 1347 3503 Β

159 3531 281 3588 coclilias
296 3533 416 3603 gallinas
431 3534 457 3586 A
472 3534 581 3588 cocleas
597 3534 625 3588 et
638 3533 759 3604 gallinas
773 3551 788 3588 o
844 3540 859 3588 'l
874 3534 994 3588 habetur
1010 3535 1097 3590 PAB
1110 3533 1338 3590 habenturmsr

211 3664 227 3711 8
247 3657 370 3726 auspitia
387 3658 415 3711 Β
469 3663 485 3711 9
504 3659 599 3726 patres
617 3658 742 3715 familiae
755 3658 814 3714 ΡΒ
832 3629 914 3728 pahes
933 3659 1058 3714 familiae
1071 3660 1099 3713 A
1115 3661 1212 3730 patres
1226 3660 1337 3716 farni‘

157 3741 235 3797 liasc
290 3743 477 3802 maceriePA
486 3744 661 3802 maceriaeB
676 3747 836 3803 materiaeo
889 3754 923 3802 10
933 3749 1041 3804 alnaria
1053 3749 1144 3803 PAB
1153 3747 1339 3806 atuearicrr

211 3837 243 3885 11
260 3831 355 3887 subter
369 3835 525 3902 sngrundas
539 3834 643 3890 ΡΒΑ2
657 3837 753 3892 subter
767 3853 800 3889 su
815 3837 821 3905 Ι
835 3835 1003 3906 tergrundas
1015 3837 1044 3891 A
1056 3837 1153 3893 subtus
1168 3837 1326 3909 subgrunae

156 3920 233 3985 dass
270 3921 397 3978 nillatico
410 3941 459 3979 mo
473 3923 615 3979 nillaticae
632 3924 690 3979 ΡΒ
704 3923 828 3979 uillatice
843 3925 871 3978 A
921 3923 1046 3982 tercieA
1093 3932 1125 3981 12
1140 3928 1265 3997 cepteA

155 4027 285 4080 recepere
296 4013 442 4069 leonardus
493 4018 526 4068 14
541 4013 616 4083 quod
626 4013 774 4084 frugalitas
784 4031 852 4070 corr.
863 4031 933 4083 quos
942 4013 1092 4084 frugalitas
1102 4014 1130 4069 A
1183 4021 1216 4070 15
1234 4014 1311 4072 anti-

155 4103 240 4156 cnsA
255 4103 386 4172 antiquus
406 4104 458 4158 VB
507 4104 633 4159 nostrum
650 4104 742 4158 PAB
755 4104 943 4159 nostrorumo
993 4111 1027 4159 16
1041 4103 1185 4172 aniciana,
1199 4106 1250 4161 sed
1263 4106 1303 4160 dc·

155 4191 215 4246 letis
233 4191 259 4245 ci
279 4194 376 4248 litteris
394 4193 423 4246 A
493 4193 630 4248 duntaxat
654 4192 681 4246 V
750 4192 849 4249 cohors
874 4193 931 4248 VB
949 4196 1047 4250 choors
1061 4193 1090 4249 A
1144 4198 1178 4248 17
1199 4193 1299 4249 fruetus

153 4280 216 4343 erat
236 4279 328 4335 PAB
348 4280 453 4334 fructus
473 4283 554 4335 erant
570 4298 618 4335 mo
709 4285 743 4334 18
765 4280 875 4336 turibus
893 4283 921 4336 A
1012 4289 1045 4336 20
1068 4280 1168 4351 palatia
1186 4283 1217 4336 A
1236 4296 1303 4338 corr.

1007 4375 1096 4422 quanta
1109 4371 1231 4412 habebant

153 4419 252 4488 palato
270 4420 313 4474 A’
385 4421 491 4476 domini
508 4441 525 4479 o
544 4424 619 4479 aona
638 4423 665 4476 A
686 4422 788 4477 donum
804 4424 863 4478 PB
935 4423 1057 4479 habeant
1075 4426 1151 4480 tutas
1172 4423 1260 4480 uillas
1277 4422 1310 4479 A
