3000 5026
357 335 487 390 RERVM
504 336 744 392 RvsrruauVM
762 337 829 391 LIB.
849 337 875 389 Π
895 333 913 390 5
1153 338 1216 403 237

112 501 213 584 bsimi‚
235 520 273 566 nc
296 501 424 583 gibberi,
448 504 532 580 spina
556 502 661 564 leviter
684 506 816 584 remissa,
840 506 950 582 apertis
975 504 1105 586 naribus,
1128 505 1219 566 labris

112 607 239 688 bnigris,
271 608 438 669 cervicibus
471 611 580 671 crassis
611 629 644 670 ae
672 610 780 690 longis,
812 628 827 668 a
856 609 930 671 eollo
959 629 1083 688 corpore
1111 611 1213 690 apoleo
1247 617 1265 673 8

112 717 217 796 misso,
240 714 315 776 bene
339 724 482 797 costatoS,
506 715 572 776 latis
596 719 721 798 umoris,
744 717 830 776 bonis
854 716 1000 794 clunibus,
1024 718 1126 778 codam
1150 737 1217 798 pron

112 841 168 883 sam
196 840 292 900 usque
320 821 356 881 ad
381 821 476 882 caloes
501 831 533 882 ut
556 821 695 904 babeant,
723 824 894 883 inferiorem
917 832 1031 903 partem
1056 825 1217 904 frequenti-

112 948 128 989 s
156 929 225 1007 pilis
255 927 453 1010 subcrispam,
481 929 620 990 cruribus
647 933 747 1009 potius
771 930 936 991 minoribus
960 934 1064 1012 rectu,
1091 931 1216 1011 genibus

112 1035 211 1097 tinulis
235 1035 412 1096 distantibus
436 1038 514 1096 inter
538 1056 578 1116 se,
601 1037 727 1115 pedibus
751 1056 809 1097 non
834 1038 909 1119 latis
933 1057 1030 1118 neque
1049 1039 1216 1118 ingredien-

113 1162 151 1203 us
186 1145 237 1221 qui
269 1142 488 1223 displodantur‚
521 1162 576 1203 nec
609 1146 695 1204 cuius
728 1145 854 1222 ungulae
887 1146 1034 1226 divarent,
1068 1154 1098 1206 et
1131 1149 1217 1206 ouius

112 1269 188 1328 goes
221 1251 280 1310 siut
307 1249 387 1310 leves
415 1260 445 1311 et
472 1269 572 1330 pares,
606 1253 719 1311 corium
748 1250 789 1327 [a]
819 1259 900 1312 tactu
928 1271 987 1312 nou
1017 1270 1155 1331 asperum
1183 1271 1216 1312 ac

112 1376 190 1438 rum,
213 1356 312 1416 colore
336 1360 523 1434 potissirnurn
547 1361 640 1438 nigro,
665 1359 732 1417 dein
757 1356 856 1439 robeo,
880 1362 969 1419 tertio
992 1359 1086 1440 helvo,
1110 1368 1215 1438 quarto

112 1482 151 1524 to:
185 1462 375 1523 mollissimus
404 1467 481 1524 enim
509 1465 571 1539 hio,
603 1473 637 1524 ut
664 1465 842 1525 durissimus
869 1467 992 1543 primus.
1043 1466 1079 1527 de
1108 1467 1213 1526 mediis
1245 1471 1263 1527 9

112 1570 189 1630 obus
217 1573 300 1648 prior
328 1591 415 1650 quam
443 1574 592 1650 posterior
620 1573 650 1630 in
678 1589 713 1630 eo
737 1574 832 1653 prior,
861 1575 980 1651 utrique
1003 1573 1104 1651 plures
1129 1591 1216 1651 quam

112 1679 148 1752 p‘i
177 1684 208 1737 et
236 1677 303 1738 albi.
348 1697 444 1757 neque
473 1696 531 1738 non
556 1684 708 1756 praeterea
733 1687 766 1737 ut
791 1697 885 1738 mares
910 1682 1030 1740 sentinis
1054 1679 1124 1739 boni
1148 1682 1216 1760 sint,

112 1802 199 1844 orum
232 1794 262 1844 ct
294 1786 387 1845 lorma
420 1794 465 1845 est
498 1783 670 1864 spectanda,
703 1792 732 1842 et
766 1775 816 1863 qui
850 1804 885 1845 ex
913 1786 959 1845 his
988 1789 1046 1847 orti
1074 1793 1144 1847 sunt
1171 1805 1215 1846 rc·

112 1890 220 1951 rudent
247 1892 281 1951 ad
311 1900 468 1969 parentum
496 1894 633 1970 speciem.
680 1898 710 1949 ct
735 1899 887 1967 praeterea
912 1893 1020 1970 quibus
1044 1893 1215 1971 regionibns

112 2000 131 2057 ti
160 2000 221 2058 sint
248 1999 348 2059 refert.
395 1999 464 2059 boni
492 2002 571 2058 enim
599 1999 717 2075 generis
740 2000 771 2056 iu
794 1997 875 2058 ltalia
900 1999 1034 2078 plerique
1058 2000 1156 2078 gallici
1179 1998 1215 2059 ad
1284 2048 1285 2051 ,

112 2123 158 2185 us,
191 2114 294 2165 contra
312 2109 463 2184 ,nugatori
495 2105 613 2183 ligusci3
646 2103 835 2164 transmarini
866 2108 1003 2183 epirotioi
1030 2125 1089 2166 non
1117 2105 1211 2166 solum
1225 2110 1264 2165 10

112 2210 209 2271 eliores
237 2231 327 2286 quum
351 2216 442 2274 totius
462 2213 615 2291 Graeciae,
643 2209 694 2270 sed
718 2214 807 2272 ctiam
831 2231 919 2292 quam
942 2213 1049 2274 ltaliae.
1097 2214 1214 2273 tametsi

144 2426 157 2472 1
182 2420 322 2474 subsimae
346 2437 380 2472 ne
399 2420 532 2489 gibberae
556 2421 674 2474 Ursinus
746 2426 761 2473 2
785 2419 924 2490 subnigris
942 2438 957 2474 o
977 2418 1105 2490 subagris
1124 2418 1214 2473 PAR

144 2510 243 2563 crassis
267 2527 283 2562 o
306 2511 411 2578 gressis
437 2509 527 2562 PAB
600 2526 617 2562 a
641 2509 712 2562 collo
737 2525 853 2577 corpore
877 2509 977 2578 apoleo
1001 2509 1120 2562 demisso
1144 2509 1215 2562 bene

112 2600 193 2652 statos
216 2598 282 2652 Pa
306 2598 379 2651 collo
404 2615 519 2667 corpore
543 2597 643 2665 apolea
667 2597 788 2652 demissa
811 2598 882 2651 bene
906 2600 1028 2652 costatos
1051 2600 1078 2652 A
1101 2615 1118 2652 a
1142 2598 1214 2652 collo

112 2704 186 2754 rpore
210 2686 312 2756 apoleo
336 2687 457 2740 demissa
479 2688 550 2740 bene
575 2688 698 2740 costatos
716 2687 744 2738 B
759 2704 776 2739 a
795 2687 856 2740 colo
876 2703 991 2756 corpore
1010 2687 1073 2755 pale
1094 2686 1215 2740 demissa

112 2793 144 2828 ne
161 2780 283 2830 costatos
298 2794 324 2830 m
343 2794 359 2829 a
379 2775 451 2830 collo
471 2791 588 2843 corpore
608 2775 701 2842 amplo
721 2775 842 2828 demisso
860 2776 931 2830 bene
951 2777 1059 2829 costato
1074 2792 1090 2829 o
1108 2793 1125 2829 a
1140 2777 1214 2829 collo

112 2863 231 2919 learibus
251 2864 384 2936 *demissis
409 2880 523 2933 corpore
548 2862 642 2930 amplo
661 2861 733 2914 bena
752 2863 860 2915 costato
881 2863 1047 2916 Iucundos.
1063 2864 1179 2928 fortasse
1197 2881 1214 2916 a

112 2953 147 3006 ‚lo
164 2955 246 3023 palea
264 2955 386 3017 demissa
405 2969 518 3021 corpore
536 2952 606 3005 bene
626 2952 735 3003 costato
807 2957 822 3003 3
845 2951 947 3003 umeris
967 2951 1026 3003 AB
1045 2950 1168 3003 humeris
1191 2950 1218 3003 V

130 3050 143 3095 b
161 3045 330 3113 subcrispam
346 3043 493 3098 lucrandos
511 3040 660 3108 subcrispis
681 3038 736 3090 VB
756 3037 905 3107 subscripis
919 3040 947 3093 A
1001 3045 1017 3092 6
1035 3039 1108 3092 inter
1123 3055 1151 3092 se
1166 3053 1212 3107 pe·

112 3147 154 3184 »us
170 3150 216 3186 mo
235 3131 442 3202 interspadibus
464 3130 553 3185 PAB
628 3135 642 3182 7
662 3127 857 3196 displodantur
877 3127 967 3180 PAB
986 3127 1179 3195 displodentur
1196 3145 1213 3180 o

129 3237 175 3276 nec
194 3221 283 3292 cuius]
303 3221 417 3276 necuius
437 3221 465 3274 A
519 3220 646 3272 diuarent
667 3217 757 3270 PAB
777 3215 965 3270 dinaricento
1021 3216 1132 3269 Sleues
1151 3215 1213 3268 AB

112 3326 149 3362 es
170 3311 196 3364 V
264 3329 345 3379 pares
369 3309 472 3384 torinrn
496 3309 591 3362 ataotu
613 3307 670 3360 PB
693 3307 785 3376 paries
808 3305 910 3359 terium
930 3321 963 3358 ao
982 3304 1061 3357 tactu
1079 3305 1106 3356 A
1125 3305 1211 3373 parie-

112 3414 181 3452 11um
201 3403 329 3454 actactn
348 3414 473 3467 inpares
493 3396 596 3452 corium
616 3398 739 3450 attractu
757 3413 781 3449 o.
807 3396 886 3448 tactu
906 3393 1028 3462 corporis
1047 3391 1212 3446 mollissimo

112 3485 219 3543 fercella
242 3489 289 3541 VI
305 3493 366 3553 1,3
427 3487 528 3540 9dein
545 3486 604 3538 AB
624 3485 723 3538 deinde
748 3484 774 3537 V
829 3484 914 3537 robeo
936 3482 1027 3535 PAB
1044 3481 1159 3535 rubeoo

112 3593 155 3630 110
169 3596 183 3631 o
202 3577 299 3630 theluo
315 3577 402 3630 PAB
457 3582 488 3629 11
509 3575 585 3644 prior
603 3589 685 3642 quam
701 3572 840 3641 posterior
854 3572 883 3625 in
898 3587 931 3625 eo
946 3571 1021 3641 prior
1035 3571 1123 3625 PAB
1138 3570 1214 3639 prior

112 3677 155 3718 zm
180 3666 318 3736 posterior
340 3664 440 3719 melior
464 3683 488 3720 o.
532 3664 649 3718 ‘Vitiosi
675 3664 726 3716 bac
746 3666 828 3730 porte
850 3667 915 3715 suot
937 3662 1103 3730 antiquiores
1127 3660 1213 3714 iibri:

136 3758 202 3808 caina
226 3757 333 3821 liabent,
359 3756 444 3807 Prior
467 3771 548 3822 qoam
567 3752 702 3821 posterior
726 3752 759 3804 ira
776 3768 805 3804 co
821 3751 908 3818 prior.
947 3752 987 3803 Ire
1005 3752 1105 3819 optimo
1122 3749 1214 3804 maadi

114 3861 139 3896 a
156 3846 282 3912 adposito
301 3844 349 3896 est’
377 3843 514 3896 Victorius
579 3841 677 3910 plures
699 3839 789 3892 PAB
807 3838 931 3909 pluriso
1005 3845 1037 3893 12
1056 3854 1147 3893 mures
1165 3855 1212 3891 mo

112 3932 144 3984 ri
162 3934 253 3987 PAB
325 3933 389 3984 boni
410 3931 465 3985 sint
484 3933 563 3985 Bmo
582 3931 647 3984 boni
667 3931 730 3983 sunt
749 3928 806 3981 PA
880 3934 911 3981 13
930 3930 1045 3994 fortasse
1063 3930 1095 3981 ut
1113 3928 1160 3994 qni
1180 3943 1213 3980 ex

137 4022 187 4075 orti
202 4025 266 4074 sunt
281 4019 468 4088 respondeant
522 4037 555 4073 ex
569 4019 612 4073 his
626 4018 693 4087 orti]
709 4015 819 4071 exhorti
832 4018 859 4068 A
915 4022 947 4068 15
966 4015 1028 4068 noti
1042 4014 1107 4067 sunt
1125 4013 1213 4066 VAB

125 4111 249 4180 plerique
273 4109 326 4162 VB
346 4109 484 4176 plerisque
503 4111 562 4162 Am
618 4114 651 4161 16
675 4108 756 4161 conta
774 4105 801 4157 B
856 4103 987 4171 nugatori
1005 4100 1103 4171 ligusti
1122 4101 1212 4154 PAB

112 4200 212 4263 getorfi
233 4197 331 4269 ligusti
353 4216 369 4251 o
391 4196 525 4266 iugatorii
547 4195 673 4266 ligustici
696 4194 847 4248 Iucundos.
887 4191 1106 4246 ‘Vetustissimos
1129 4189 1212 4242 rodere

118 4290 249 4343 ambobus
267 4289 379 4342 uocibus
398 4288 533 4354 attonsos,
551 4287 599 4355 qni
617 4284 756 4354 Nugatori
775 4280 885 4351 Ligusti
903 4281 992 4336 babet'
1017 4279 1155 4334 Victorius

131 4393 208 4442 quam
221 4381 316 4447 priore
335 4379 390 4430 ioco
405 4393 453 4430 om.
473 4376 562 4429 VAB
617 4375 701 4429 etiam
717 4389 801 4442 quam
815 4369 911 4425 italiae
928 4370 987 4424 PB
1001 4369 1086 4423 etiam
1103 4369 1108 4438 Ι
1124 4366 1213 4436 italie,

144 4483 223 4532 quam
245 4474 307 4535 post
326 4465 411 4519 etiam
429 4467 520 4519 eodem
538 4481 623 4519 moon
641 4465 809 4530 adscriptum
827 4460 855 4513 A
874 4459 960 4513 etiam
978 4458 1075 4513 italiae
1093 4475 1141 4512 mo
