3000 5026
477 180 607 238 RERVM
625 180 863 237 uvsutcattvnt
882 181 949 237 LlB.
968 181 1008 236 ΠΙ
1029 177 1149 237 14-15
1320 180 1394 263 Ι303

248 359 280 413 ut
297 353 330 411 in
349 368 399 411 eas
417 363 513 410 Lxxx
533 349 712 428 quadrantes
731 350 807 409 coici
826 351 950 427 possint,
974 357 1004 409 et
1023 351 1066 409 sic
1086 350 1117 409 in
1137 347 1202 409 aliis
1221 347 1393 427 regionibus

247 458 367 520 eaedem
398 460 477 518 inter
509 474 540 517 sc
573 455 704 517 conlatae
737 459 868 517 minores
900 475 933 516 ac
968 459 1100 517 maiores.
1151 456 1206 516 hae
1234 459 1265 515 in
1293 454 1419 515 fetura5

244 567 366 645 pariunt
384 562 624 625 innumerabilia.
658 581 759 624 earum
780 581 881 622 semen
904 565 1052 625 minutum
1077 582 1111 623 ac
1134 570 1210 623 testa
1229 561 1310 622 molli
1330 562 1394 621 diu·

244 674 391 735 turnitate
413 670 593 732 obdurescit.
627 671 741 747 magnis
760 669 866 730 insulis
885 672 916 729 in
935 671 1012 729 areis
1032 670 1117 731 iactis
1137 688 1275 748 magnum
1295 668 1394 728 bolum

214 780 386 841 adorarunt
415 775 526 854 [aerisl
572 776 625 836 has
655 795 773 855 qunque
803 778 938 855 saginare
963 776 1057 837 solent
1081 779 1135 857 ita,
1159 785 1193 837 ut
1216 776 1302 836 ollam
1326 794 1394 836 cum

242 883 442 948 foraminibus
464 885 631 944 incrustent
650 900 719 962 sapa
740 890 770 942 et
788 882 869 964 farri,
895 883 945 943 ubi
963 891 1132 963 pascantur,
1157 902 1231 962 quae
1252 883 1393 943 foramina

238 991 364 1065 habeat,
389 999 424 1051 ut
446 992 559 1050 intrare
583 1008 633 1050 aer
656 991 759 1069 possit.
807 991 889 1049 vivax
913 993 990 1050 enim
1015 990 1087 1051 haec
1113 999 1216 1050 natura

335 1097 495 1158 Glirarinm
523 1104 620 1158 autem
650 1096 786 1156 dissimili
813 1098 926 1156 ratione
951 1097 1089 1177 babetur,
1119 1096 1196 1176 quod
1226 1114 1284 1155 non
1309 1114 1392 1175 aqua,
1407 1093 1457 1152 XV

237 1205 296 1266 sed
327 1205 455 1265 maceria
484 1202 566 1263 locus
595 1203 741 1280 saepitur:
769 1210 830 1262 tota
860 1201 916 1262 levi
946 1202 1042 1281 lapide
1066 1210 1117 1262 aut
1140 1204 1266 1262 tectorio
1289 1204 1394 1262 intrin-

179 1323 218 1363 10
238 1329 335 1372 secus
359 1312 552 1389 incrustatur,
577 1328 613 1369 ne
633 1328 668 1369 ex
688 1327 722 1369 ea
742 1327 864 1387 erepere
883 1311 986 1388 possit.
1033 1312 1063 1370 in
1083 1328 1118 1369 eo
1138 1310 1310 1370 arbusculas
1329 1328 1394 1370 esse

235 1424 379 1496 oportet,
410 1434 485 1495 quae
514 1416 614 1476 serrrnt
642 1415 785 1493 glandem.
839 1434 913 1494 quae
943 1433 1012 1475 cum
1040 1416 1169 1475 fructum
1199 1435 1258 1476 non
1287 1416 1395 1496 lerunt,

233 1527 324 1586 intra
344 1524 504 1584 maceriem
527 1525 624 1583 iacere
648 1528 766 1600 oportet
785 1521 920 1600 glandem
944 1530 974 1581 et
997 1529 1172 1601 castaneam,
1200 1523 1277 1583 unde
1302 1526 1394 1584 saturi

201 1624 203 1630 ¹
232 1632 325 1692 fiant.
372 1629 469 1690 lacere
493 1631 530 1689 iis
551 1647 638 1689 cavos
657 1635 775 1706 oportet
794 1628 929 1710 laxiores,
954 1629 1004 1689 ubi
1023 1628 1119 1707 pullos
1139 1647 1243 1708 parere
1262 1631 1419 1707 possint:2

230 1755 351 1817 aquam
378 1754 444 1796 esse
469 1744 598 1816 tenuem,
622 1734 700 1814 quod
725 1753 757 1794 ea
783 1753 841 1795 non
866 1744 991 1796 utuntur
1015 1735 1140 1796 multum
1166 1744 1195 1795 et
1219 1736 1333 1797 aridum
1353 1735 1393 1795 lo-

170 1853 208 1895 15
230 1862 315 1904 cum
350 1850 506 1921 quaerunt.
557 1842 611 1902 liae
645 1843 818 1920 saginantur
846 1844 876 1900 in
906 1841 1005 1921 doliis,
1039 1860 1113 1920 qnae
1143 1844 1230 1903 etiam
1259 1845 1290 1903 in
1319 1843 1394 1903 villis

229 1949 358 2009 habent
384 1947 478 2028 multi,
503 1967 578 2026 quae
602 1947 684 2026 figuli
709 1948 821 2008 iaciunt
845 1947 938 2007 multo
962 1947 1047 2008 aliter
1071 1956 1159 2026 atque
1178 1949 1242 2030 alia,
1267 1949 1343 2028 quod
1364 1950 1394 2008 in

225 2055 391 2117 lateribus
415 2072 518 2114 eorum
543 2057 662 2114 semitas
686 2055 799 2114 iaciunt
822 2062 852 2114 et
876 2072 987 2134 cavum,
1012 2053 1064 2113 ubi
1082 2055 1182 2116 cibum
1202 2058 1394 2116 constituant.

223 2166 276 2224 in
299 2161 358 2221 hoc
377 2160 488 2221 dolium
509 2160 619 2220 addunt
639 2160 775 2238 glandem
794 2166 845 2219 aut
865 2151 958 2220 nrrces
977 2160 1130 2238 iuglandes
1150 2169 1200 2221 aut
1219 2169 1393 2221 castaneam.

223 2269 356 2350 quihus
375 2270 407 2328 in
426 2267 567 2347 tenebris,
587 2267 763 2327 cumularim
783 2269 912 2346 positum
932 2273 978 2327 est
997 2268 1030 2341 in¹
1048 2267 1148 2349 doleis,
1168 2269 1242 2328 liunt
1260 2270 1395 2348 pingues.

212 2529 432 2586 solitannelta
450 2529 482 2581 ut
501 2528 531 2580 in
550 2544 596 2581 eas
610 2528 638 2582 Β
658 2527 814 2582 solitannae
833 2527 874 2580 ita
892 2530 924 2581 ut
943 2544 989 2581 eas
1003 2528 1032 2581 P
1048 2528 1184 2583 selitanae
1200 2529 1241 2583 ita
1255 2532 1286 2583 ut
1300 2545 1393 2583 earum

211 2617 349 2674 calices
364 2634 380 2672 o
454 2616 509 2669 ‘lta
525 2612 599 2668 utin
614 2632 661 2668 eas
677 2613 784 2668 LXXX.
801 2618 854 2668 etc.
882 2614 931 2667 Itu
945 2618 1031 2671 locum
1045 2619 1154 2672 restitui
1167 2635 1216 2686 ope
1229 2623 1395 2673 uetustorum

209 2709 386 2774 codicum,
415 2723 448 2760 ed
471 2705 581 2773 iugenio
605 2709 706 2770 tomen,
734 2704 806 2772 quod
829 2704 982 2780 desiderari
1003 2706 1163 2771 uidebatur,
1187 2707 1292 2759 addidi.
1336 2707 1395 2776 Quo

207 2801 338 2849 autem
356 2794 482 2861 studiosi,
501 2796 569 2847 recte
587 2808 621 2846 ue
638 2793 689 2845 boc
708 2793 831 2845 libertate
849 2807 915 2844 usus
933 2793 993 2859 sina,
1012 2793 1136 2847 iudicare
1148 2794 1263 2861 possint,
1281 2800 1395 2847 ueterem

208 2883 388 2938 lectionem
406 2885 544 2951 udpcuuau
559 2903 565 2934 :
580 2879 624 2934 Ita
641 2881 673 2933 ut
694 2897 741 2934 eas
760 2878 868 2933 LXXX.
887 2880 1055 2948 quadrantes
1074 2880 1145 2934 coici
1163 2881 1282 2949 possint’
1307 2882 1393 2939 Victo-

207 2970 311 3024 rius
383 2979 396 3026 1
421 2970 521 3024 LXXX
544 2969 714 3038 quadrantes
733 2966 805 3022 coici
823 2969 932 3037 possint
953 2969 1043 3022 PAB
1063 2969 1231 3036 quadrantes
1251 2970 1396 3043 octoginta

157 3106 164 3113 .
209 3072 349 3128 capere
367 3060 511 3130 possinto
583 3058 733 3111 ieaedem
754 3058 899 3112 Iucundus
919 3057 1023 3112 eisdem
1045 3058 1133 3112 VAB
1205 3059 1326 3113 collatae
1344 3059 1395 3112 mi-

210 3159 330 3202 nores
352 3149 410 3202 ΡΒ
430 3149 559 3202 conlecta
578 3147 714 3201 eminores
729 3147 756 3198 A
775 3146 878 3201 collata
897 3147 925 3200 et
944 3147 1064 3201 minores
1083 3164 1099 3200 c
1171 3146 1281 3202 foetura
1300 3148 1325 3201 V
1378 3155 1393 3201 3

213 3234 344 3290 moltis
358 3238 385 3290 A
459 3239 474 3288 5
494 3235 622 3289 deferunt
640 3234 711 3289 aeris
726 3236 784 3289 PB
804 3235 933 3289 deferunt
952 3234 1023 3289 acris
1038 3236 1066 3288 A
1085 3237 1246 3290 deferunto
1318 3239 1393 3308 cum]

218 3329 306 3377 0011
321 3327 348 3378 A
418 3326 481 3380 det
499 3323 567 3376 farri
586 3324 641 3376 PA
661 3339 694 3377 ac
713 3322 780 3378 farri
799 3324 826 3377 B
845 3327 874 3378 et
892 3325 1000 3379 farreo
1063 3328 1212 3393 pascantur
1231 3342 1301 3393 quae
1320 3326 1394 3391 fora-

220 3409 327 3468 mino
343 3433 359 3469 o
378 3415 529 3482 pascuntur
548 3429 603 3479 qua
621 3412 758 3466 foramina
777 3413 865 3467 PAB

323 3509 337 3556 e
358 3502 464 3571 sepitur
482 3502 509 3555 V
580 3507 611 3554 10
629 3519 664 3556 ne
683 3519 716 3555 ex
736 3518 768 3555 ea
782 3502 861 3554 ABo
881 3519 932 3556 nec
946 3519 980 3556 ex
995 3520 1028 3557 ea
1041 3505 1069 3558 P
1137 3503 1247 3572 possint
1261 3503 1395 3558 Gesnerus

326 3595 357 3644 12
378 3592 473 3644 satura
492 3607 561 3645 corr.
580 3589 657 3642 —ri
676 3590 703 3641 A
777 3596 808 3643 13
828 3589 862 3641 iis
881 3590 942 3643 AB
960 3590 1002 3644 his
1024 3591 1050 3644 V
1120 3609 1204 3647 canos
1222 3610 1237 3646 c
1257 3592 1395 3662 clauosA

231 3664 346 3733 elatos
366 3680 424 3734 PB
448 3695 548 3733 caueae
567 3695 592 3731 m
666 3684 698 3731 14
721 3694 821 3746 aquam
846 3695 905 3732 esse
924 3681 1036 3734 tenuem
1054 3680 1114 3733 AB
1138 3681 1275 3737 Victorius
1293 3698 1394 3750 aquam

235 3765 314 3820 0⁸se
340 3768 375 3822 iis
403 3770 515 3821 tenuem
546 3767 573 3819 P
598 3783 698 3834 aquam
728 3768 840 3837 oportet
867 3784 926 3822 esso
954 3771 1066 3822 tenuem
1094 3787 1110 3823 o
1202 3775 1234 3824 15
1266 3770 1295 3824 hi
1324 3770 1394 3839 sogi-

237 3855 353 3910 nentur
372 3857 519 3911 Iracundus
602 3860 634 3908 16
657 3854 761 3909 fatiunt
778 3856 804 3908 A
881 3857 965 3924 atquc
983 3858 1030 3911 Bo
1050 3859 1140 3925 adque
1159 3857 1215 3910 PA
1295 3865 1325 3910 19
1351 3875 1393 3911 cu-

240 4029 417 4088 0umutatim
441 4032 562 4102 positum
587 4033 629 4085 est
650 4049 674 4086 u.
714 4034 851 4103 ‘Antiqua
874 4036 950 4088 lectio
973 4035 1139 4102 deprauata,
1162 4046 1242 4101 quum
1263 4033 1394 4102 corrigere

240 4117 365 4189 Meuius·
380 4165 386 4176 .
402 4127 433 4175 ut
452 4122 503 4174 diii
517 4122 547 4173 iu
561 4121 609 4175 boc
623 4121 754 4187 laborent,
772 4139 831 4176 eum
845 4124 969 4177 omuibus
978 4138 1142 4190 proponam,
1161 4127 1185 4175 et
1199 4122 1272 4177 uitio
1284 4123 1394 4190 peruul-

243 4208 334 4266 uaros
357 4210 504 4266 ostendum.
544 4208 681 4277 Optimus,
705 4227 738 4264 uc
760 4213 959 4266 uetustissimus
977 4212 1074 4278 codex,
1099 4209 1205 4276 Quibus
1224 4210 1253 4263 in
1271 4211 1394 4265 tenebris

244 4294 417 4353 0umu1urim
442 4297 564 4367 positum
588 4301 630 4353 est
648 4298 678 4352 in
696 4298 792 4354 doleis.
833 4301 944 4355 Mediae
961 4301 1105 4354 uetustatis
1124 4300 1205 4367 iiber,
1228 4302 1276 4370 qui
1293 4317 1395 4369 semper

309 4397 372 4438 ϋηο
387 4409 419 4437 nn
433 4408 492 4438 soar
506 4408 526 4438 o.
1148 4394 1182 4444 20
