3000 5026
413 352 542 406 RERVM
562 351 800 408 Rvsmcnavm
817 352 885 406 LIB.
905 351 944 406 III
965 306 1040 410 1-i
1238 350 1302 414 267

250 517 384 579 Comitiis
412 518 568 599 aediliciis,
596 538 665 602 cum
688 519 749 580 sole
773 519 855 580 caldo
880 537 934 598 ego
958 527 988 579 ct
1011 518 1045 588 Q.
1069 519 1160 578 Axius
1184 525 1303 577 senator
1327 515 1352 575 ll

163 624 280 686 tribulis
319 627 491 710 suffragium
529 626 701 713 tulissemus
739 635 774 707 et
806 626 975 710 candidato,
1017 628 1067 709 cui
1103 624 1304 717 stude-bamus,

161 733 303 833 WQS
331 752 395 817 csse
423 732 655 825 praemodicum
685 735 804 794 domum
833 733 958 811 rediret,
990 735 1082 792 Axius
1111 717 1303 815 mibiJ‘llum

161 839 342 930 diribenturA
374 843 484 935 inquit,
517 841 668 932 sulimgia,
701 843 745 924 vis
777 843 876 927 potius
910 839 993 931 villae
1022 839 1156 925 publicae
1186 847 1304 931 nitamur

135 947 274 1045 cumb-aa,
295 966 382 1026 quam
402 949 506 1026 privati
527 947 675 1008 candidati
694 941 798 1008 tabella
818 948 968 1008 dimidiata
988 947 1177 1007 aedificemus
1196 942 1304 1006 nobis?

155 1053 285 1134 'Opiuor,
309 1055 439 1134 inquam,
463 1073 522 1114 non
547 1054 651 1133 solum,
676 1054 754 1132 quod
779 1056 897 1136 dicitur,
921 1055 1030 1115 malum
1054 1052 1211 1115 consilium
1234 1070 1302 1112 con·

161 1160 266 1220 sultori
294 1169 340 1220 est
367 1164 543 1242 pessimum,
574 1161 624 1221 sed
654 1163 742 1221 etiam
767 1162 877 1221 bonum
901 1162 1071 1242 consilium,
1100 1163 1152 1240 qui
1175 1158 1303 1221 consulit

161 1277 190 1326 et
218 1269 268 1346 qui
297 1267 476 1348 consulitur,
505 1267 614 1328 bonum
639 1268 817 1329 babendum.
864 1268 965 1348 ltaque
988 1271 1081 1349 imus,
1110 1270 1243 1328 venimus
1271 1269 1301 1325 in

160 1372 264 1433 villam.
310 1375 352 1434 ibi
380 1375 505 1453 Appium
535 1374 688 1434 Claudium
721 1393 862 1454 augurem
894 1375 1045 1435 sedentem
1073 1376 1240 1434 invenimus
1268 1374 1327 1433 in2

128 1489 149 1527 1⁰
161 1480 323 1562 subselliis,
361 1491 393 1543 ut
426 1482 554 1562 consuli,
592 1481 688 1560 siquid
724 1501 796 1542 usus
829 1485 1026 1562 poposcisset,
1064 1489 1144 1541 esset
1176 1488 1302 1559 praesto.

161 1587 281 1648 sedebat
310 1589 345 1648 ad
375 1591 524 1649 sinistram
550 1591 576 1648 ei
600 1588 755 1648 Cornelius
778 1589 889 1650 Merula
914 1589 1064 1649 consulari
1087 1587 1194 1648 familia
1218 1596 1303 1647 ortus

161 1703 189 1755 et
212 1694 368 1756 Fircellius
390 1695 468 1756 Pavo
492 1696 643 1775 Reatinus
667 1696 702 1756 ad
727 1696 860 1757 dextram
884 1697 1032 1757 Minucius
1052 1697 1119 1757 Pica
1144 1704 1173 1756 et
1192 1693 1228 1754 M.
1247 1693 1301 1754 Pe·

161 1804 274 1863 tronius
298 1803 412 1862 Passer.
449 1803 484 1863 ad
509 1822 598 1882 quem
621 1822 687 1864 cum
712 1807 949 1884 accessissemus,
973 1805 1064 1865 Axius
1088 1805 1191 1888 Appio
1207 1800 1302 1862 subri-

163 1909 244 1990 dens,
274 1909 392 1989 Recipis
421 1929 490 1990 nos,
518 1913 628 1989 inquit,
657 1913 687 1970 in
717 1920 801 1972 tuum
830 1911 1001 1992 ornithona,
1029 1911 1080 1972 ubi
1109 1910 1195 1971 sedes
1224 1912 1302 1970 inter

123 2030 143 2069 5
163 2013 248 2077 aves?
294 2015 368 2097 Ille,
386 2017 448 2094 Ego
472 2035 555 2098 vero,
579 2019 688 2097 inquit,
713 2026 741 2077 tc
765 2021 953 2099 praesertim,
977 2021 1084 2098 quoius
1108 2037 1175 2079 aves
1198 2013 1327 2094 hospi-3

162 2124 230 2184 tales
255 2126 343 2184 etiam
369 2143 446 2183 nunc
470 2131 581 2205 ructor,
606 2143 678 2203 quas
703 2125 775 2184 mibi
799 2126 963 2205 adposuisti
986 2127 1089 2204 paucis
1108 2133 1176 2185 ante
1196 2123 1301 2192 diebus

163 2232 190 2290 in
217 2231 283 2291 villa
307 2231 432 2291 Reatina
460 2231 495 2290 ad
519 2230 615 2291 lacum
640 2230 734 2291 Velini
757 2234 839 2292 cunti
864 2232 899 2293 dc
924 2234 1135 2292 controversiis
1159 2231 1297 2291 luteram·

164 2339 269 2397 natium
295 2345 325 2397 et
344 2337 543 2398 Reatinorum.
578 2336 634 2397 Sed
661 2356 719 2398 non
743 2338 823 2419 baec,
847 2341 953 2420 inquit,
977 2339 1052 2419 villa,
1077 2357 1164 2417 quam
1185 2334 1299 2417 [quam]

165 2443 352 2503 aedificarunt
386 2445 511 2502 maiores
546 2446 652 2527 nostri,
692 2445 833 2523 frugalior
861 2466 894 2506 ac
922 2447 1027 2507 melior
1056 2456 1101 2507 est
1134 2463 1221 2524 quam
1249 2452 1299 2504 tua

165 2549 207 2610 illa
233 2550 380 2629 perpolita
403 2552 433 2610 in
459 2547 604 2612 Reatino?
635 2552 768 2612 nuncubi
791 2553 839 2614 bic
864 2553 945 2614 vides
968 2557 1077 2615 citrum
1101 2561 1151 2615 aut
1171 2546 1328 2614 aurum?4

166 2674 229 2717 num
248 2660 372 2717 minium
392 2666 443 2719 atat
461 2655 648 2718 armenium?
671 2679 742 2720 num
759 2662 836 2738 quod
853 2661 996 2722 emblema
1012 2671 1063 2724 aut
1076 2655 1302 2721 lithostrotum?

168 2781 233 2842 quae
266 2765 327 2825 illic
360 2768 457 2826 omnia
490 2774 592 2826 contra
622 2763 763 2842 [aurum].
815 2775 844 2827 et
873 2786 940 2827 cum
968 2767 1041 2828 haec
1070 2769 1109 2827 sit
1137 2767 1302 2827 communis

213 2960 226 3007 1
247 2956 369 3010 comitiis
392 2971 460 3010 corr.
480 2953 601 3008 comitiis
619 2953 647 3006 A
702 2969 754 3022 ego
773 2956 802 3008 et
821 2954 852 3018 Q.
867 2953 952 3008 Axius
972 2954 1110 3009 Victorius
1129 2970 1181 3023 ego
1202 2955 1229 3007 et
1248 2969 1302 3021 que

162 3042 236 3096 axius
256 3043 283 3097 A
307 3059 360 3112 ego
384 3046 413 3097 ei
436 3061 490 3114 que
515 3041 593 3096 axius
611 3043 639 3097 B
662 3058 714 3111 ego
734 3044 818 3110 atque
838 3041 916 3096 axius
941 3042 968 3095 V
984 3059 1036 3111 ego
1056 3045 1142 3109 atque
1160 3042 1257 3096 anxius
1275 3059 1302 3095 m

211 3131 434 3202 isufragiumA
489 3131 638 3186 candidato
649 3131 797 3186 Iucundos
807 3131 971 3186 candidatos
987 3131 1076 3186 VAB
1130 3131 1301 3186 3mihiAB

158 3218 227 3276 inibi
249 3222 276 3276 V
335 3228 352 3275 4
371 3220 527 3275 diribentur
547 3222 639 3275 PAB
657 3220 853 3276 dirimerentur
870 3239 886 3274 u
944 3219 1038 3291 inquii
1055 3223 1104 3276 Bu
1122 3219 1221 3290 inquid
1242 3221 1300 3274 PA

228 3311 401 3366 boanditaii
418 3311 445 3365 A
518 3309 665 3364 dimidiata
689 3310 744 3364 VB
768 3309 885 3365 dimisso
902 3311 930 3364 A
953 3310 1125 3364 dimidiam.
1163 3310 1212 3364 ‘Iu
1229 3312 1300 3364 auti-

159 3401 285 3466 ocissimo
291 3441 300 3468 ,
328 3406 352 3454 et
374 3401 529 3467 fidelissimo
553 3401 663 3468 unitor,
687 3397 804 3453 Tabella
826 3397 976 3453 dimidiata
997 3399 1183 3454 aedificemus.
1225 3400 1300 3453 Eum

160 3495 246 3543 autem
269 3490 366 3559 pltareo
391 3490 476 3543 secuti
499 3493 572 3543 suut.
618 3488 659 3541 In
683 3489 739 3542 olio
764 3489 929 3556 seminatore,
958 3487 1081 3542 Dimidia
1108 3487 1297 3542 aedificemus’

168 3575 297 3633 Victorius
357 3584 372 3632 't
396 3580 440 3631 est
457 3577 608 3646 pessimum
626 3577 687 3631 AB
710 3576 848 3632 Victorius
866 3595 926 3632 esse
944 3577 1097 3647 pessimum
1120 3577 1147 3631 V
1196 3577 1299 3631 bonum

160 3668 319 3722 conscilium
338 3667 366 3721 A
411 3673 550 3736 sappum
570 3669 596 3720 A
644 3671 676 3720 to
694 3665 852 3735 poposcisel
869 3668 897 3721 A
945 3673 977 3720 12
996 3667 1128 3722 fircellius
1149 3667 1239 3721 PAB
1257 3668 1300 3720 fir-

160 3755 278 3817 celiuso
351 3754 484 3808 minutius
509 3754 597 3808 VAB
668 3753 797 3823 peronius
816 3755 874 3808 Am
948 3762 980 3810 13
1000 3755 1196 3812 accessisemus
1215 3756 1244 3810 A

158 3845 236 3899 axius
254 3864 301 3900 nco
320 3845 417 3899 auxius
437 3843 526 3898 PAB
599 3843 743 3898 subridens
764 3842 821 3898 VA
839 3843 979 3900 surridens
993 3846 1021 3899 B
1095 3852 1128 3899 14
1146 3843 1239 3914 inquit
1251 3845 1299 3899 Bo

156 3931 254 4002 inquid
272 3934 330 3988 ΡΑ
389 3934 419 3986 in
436 3932 528 4003 buum]
547 3931 578 4002 il
594 3932 696 3987 uitium
714 3933 741 3986 A
800 3932 929 3987 ornibona
947 3932 974 3985 A
1031 3939 1063 3987 15
1082 3934 1174 4002 inquit
1191 3935 1239 3988 Bo
1258 3932 1299 3987 in·

159 4022 223 4088 qnid
235 4024 293 4076 PA
340 4023 452 4093 quoius]
469 4022 546 4075 cuius
561 4021 617 4075 VB
633 4039 687 4091 quo
701 4021 744 4075 uis
755 4023 781 4075 A
792 4038 860 4090 quos
869 4022 912 4074 uis
921 4039 948 4076 m
995 4028 1027 4074 16
1041 4022 1197 4090 apposuisti
1211 4021 1300 4076 VAB

208 4118 240 4167 17
258 4113 486 4165 interamnalium
503 4111 530 4165 V
544 4111 758 4165 inteamnabium
774 4111 832 4164 AB
883 4116 915 4164 18
934 4110 1026 4177 inquii
1043 4110 1098 4164 VB
1112 4111 1210 4178 inquid
1224 4112 1250 4163 A

158 4197 226 4253 uilla
239 4203 318 4254 Amo
337 4199 406 4254 uilia
422 4201 449 4253 P
461 4200 530 4254 iulia
543 4200 571 4254 B
626 4218 709 4268 quom
725 4200 907 4254 aedificarunt
925 4199 1042 4253 Ursinus
1096 4205 1129 4252 21
1148 4200 1198 4253 aut
1213 4216 1299 4255 armc-

160 4287 234 4342 nium
252 4291 400 4344 Iucocudus
419 4293 466 4344 aut
486 4291 643 4344 armonium
660 4308 687 4343 m
708 4296 732 4344 et
751 4290 965 4358 superscriptum
979 4289 1005 4342 A
1020 4290 1070 4343 out
1082 4289 1258 4344 harmoniam
1273 4289 1301 4343 B

160 4379 208 4430 au
223 4380 398 4434 harmomum
419 4380 446 4432 P
463 4380 513 4434 out
530 4380 725 4433 hamomumo
796 4384 829 4432 22
849 4395 947 4432 aurum
965 4380 1112 4448 posteriore
1130 4381 1186 4434 loco
1205 4381 1301 4435 delevit

163 4461 303 4525 Iracundus
