<?xml version="1.0" encoding="UTF-8"?>
<!DOCTYPE html PUBLIC "-//W3C//DTD XHTML 1.0 Transitional//EN"
    "http://www.w3.org/TR/xhtml1/DTD/xhtml1-transitional.dtd">
<html xmlns="http://www.w3.org/1999/xhtml" xml:lang="en" lang="en">
 <head>
  <title>
</title>
<meta http-equiv="Content-Type" content="text/html;charset=utf-8" />
  <meta name='ocr-system' content='tesseract 3.04.00' />
  <meta name='ocr-capabilities' content='ocr_page ocr_carea ocr_par ocr_line ocrx_word'/>
</head>
<body>
  <div class='ocr_page' id='page_1' title='image "./mporcicatonisde01keilgoog_0024.png"; bbox 0 0 3000 5026; ppageno 0'>
   <div class='ocr_carea' id='block_1_1' title="bbox 597 331 1281 390">
    <p class='ocr_par' dir='ltr' id='par_1_1' title="bbox 597 331 1281 390">
     <span class='ocr_line' id='line_1_1' title="bbox 597 331 1281 390; baseline 0.006 -5"><span class='ocrx_word' id='word_1_1' title='bbox 597 331 801 386; x_wconf 78' lang='lat' dir='ltr'><strong>PRAEFATIO</strong></span> <span class='ocrx_word' id='word_1_2' title='bbox 850 364 855 372; x_wconf 89' lang='lat'><strong>.</strong></span> <span class='ocrx_word' id='word_1_3' title='bbox 1203 334 1281 390; x_wconf 85' lang='lat' dir='ltr'><strong>XVII</strong></span> 
     </span>
    </p>
   </div>
   <div class='ocr_carea' id='block_1_2' title="bbox 132 498 1279 686">
    <p class='ocr_par' dir='ltr' id='par_1_2' title="bbox 132 498 1279 686">
     <span class='ocr_line' id='line_1_2' title="bbox 132 498 1279 593; baseline 0.002 -33"><span class='ocrx_word' id='word_1_4' title='bbox 132 499 165 560; x_wconf 95' lang='lat' dir='ltr'><strong>ad</strong></span> <span class='ocrx_word' id='word_1_5' title='bbox 185 499 387 560; x_wconf 81' lang='lat' dir='ltr'><strong>diversitatem</strong></span> <span class='ocrx_word' id='word_1_6' title='bbox 407 498 543 560; x_wconf 90' lang='lat' dir='ltr'><strong>lectionis</strong></span> <span class='ocrx_word' id='word_1_7' title='bbox 561 500 692 578; x_wconf 89' lang='lat' dir='ltr'><strong>pertinet</strong></span> <span class='ocrx_word' id='word_1_8' title='bbox 711 501 809 560; x_wconf 90' lang='lat' dir='ltr'><strong>minus</strong></span> <span class='ocrx_word' id='word_1_9' title='bbox 827 507 966 593; x_wconf 84' lang='lat' dir='ltr'><strong>accurate</strong></span> <span class='ocrx_word' id='word_1_10' title='bbox 981 500 1121 562; x_wconf 92' lang='lat' dir='ltr'><strong>collatum</strong></span> <span class='ocrx_word' id='word_1_11' title='bbox 1134 500 1279 563; x_wconf 78' lang='lat' dir='ltr'><strong>habebam</strong></span> 
     </span>
     <span class='ocr_line' id='line_1_3' title="bbox 133 604 1279 686; baseline 0.003 -21"><span class='ocrx_word' id='word_1_12' title='bbox 133 624 220 686; x_wconf 87' lang='lat' dir='ltr'><strong>quam</strong></span> <span class='ocrx_word' id='word_1_13' title='bbox 240 605 376 685; x_wconf 84' lang='lat' dir='ltr'><strong>&#39;reliquos</strong></span> <span class='ocrx_word' id='word_1_14' title='bbox 399 604 483 666; x_wconf 89' lang='lat' dir='ltr'><strong>duos.</strong></span> <span class='ocrx_word' id='word_1_15' title='bbox 521 624 613 685; x_wconf 84' lang='lat' dir='ltr'><strong>quare</strong></span> <span class='ocrx_word' id='word_1_16' title='bbox 632 608 664 667; x_wconf 89' lang='lat' dir='ltr'><strong>in</strong></span> <span class='ocrx_word' id='word_1_17' title='bbox 682 606 739 666; x_wconf 92' lang='lat' dir='ltr'><strong>hoc</strong></span> <span class='ocrx_word' id='word_1_18' title='bbox 758 624 868 686; x_wconf 83' lang='lat' dir='ltr'><strong>genere</strong></span> <span class='ocrx_word' id='word_1_19' title='bbox 888 607 952 667; x_wconf 91' lang='lat' dir='ltr'><strong>eius</strong></span> <span class='ocrx_word' id='word_1_20' title='bbox 971 607 1114 669; x_wconf 87' lang='lat' dir='ltr'><strong>lectiones</strong></span> <span class='ocrx_word' id='word_1_21' title='bbox 1134 627 1192 669; x_wconf 91' lang='lat' dir='ltr'><strong>una</strong></span> <span class='ocrx_word' id='word_1_22' title='bbox 1211 627 1279 669; x_wconf 91' lang='lat' dir='ltr'><strong>cum</strong></span> 
     </span>
    </p>
   </div>
   <div class='ocr_carea' id='block_1_3' title="bbox 49 712 616 790">
    <p class='ocr_par' dir='ltr' id='par_1_3' title="bbox 49 712 616 790">
     <span class='ocr_line' id='line_1_4' title="bbox 49 712 616 790; baseline -0.005 -15"><span class='ocrx_word' id='word_1_23' title='bbox 49 719 51 723; x_wconf 85' lang='lat'>&#39;</span> <span class='ocrx_word' id='word_1_24' title='bbox 133 714 241 774; x_wconf 87' lang='lat' dir='ltr'><strong>ceteris</strong></span> <span class='ocrx_word' id='word_1_25' title='bbox 264 712 430 790; x_wconf 88' lang='lat' dir='ltr'><strong>adscriptae</strong></span> <span class='ocrx_word' id='word_1_26' title='bbox 454 731 515 773; x_wconf 92' lang='lat' dir='ltr'><strong>non</strong></span> <span class='ocrx_word' id='word_1_27' title='bbox 538 720 616 773; x_wconf 90' lang='lat' dir='ltr'><strong>suut.</strong></span> 
     </span>
    </p>
   </div>
   <div class='ocr_carea' id='block_1_4' title="bbox 100 818 1281 2075">
    <p class='ocr_par' dir='ltr' id='par_1_4' title="bbox 100 818 1281 2075">
     <span class='ocr_line' id='line_1_5' title="bbox 222 818 1280 901; baseline 0.003 -21"><span class='ocrx_word' id='word_1_28' title='bbox 222 818 400 898; x_wconf 84' lang='lat' dir='ltr'><strong>Corruptam</strong></span> <span class='ocrx_word' id='word_1_29' title='bbox 424 819 577 898; x_wconf 82' lang='lat' dir='ltr'><strong>archetypi</strong></span> <span class='ocrx_word' id='word_1_30' title='bbox 596 821 776 898; x_wconf 83' lang='lat' dir='ltr'><strong>scripturam</strong></span> <span class='ocrx_word' id='word_1_31' title='bbox 795 828 867 901; x_wconf 92' lang='lat' dir='ltr'><strong>tum,</strong></span> <span class='ocrx_word' id='word_1_32' title='bbox 887 838 955 880; x_wconf 88' lang='lat' dir='ltr'><strong>cum</strong></span> <span class='ocrx_word' id='word_1_33' title='bbox 974 828 1056 882; x_wconf 92' lang='lat' dir='ltr'><strong>certa</strong></span> <span class='ocrx_word' id='word_1_34' title='bbox 1075 822 1280 883; x_wconf 81' lang='lat' dir='ltr'><strong>emendatione</strong></span> 
     </span>
     <span class='ocr_line' id='line_1_6' title="bbox 133 925 1280 1010; baseline 0.001 -22"><span class='ocrx_word' id='word_1_35' title='bbox 133 933 267 989; x_wconf 88' lang='lat' dir='ltr'><strong>correcta</strong></span> <span class='ocrx_word' id='word_1_36' title='bbox 299 932 363 986; x_wconf 90' lang='lat' dir='ltr'><strong>erat</strong></span> <span class='ocrx_word' id='word_1_37' title='bbox 395 925 441 987; x_wconf 91' lang='lat' dir='ltr'><strong>vel</strong></span> <span class='ocrx_word' id='word_1_38' title='bbox 474 925 552 986; x_wconf 89' lang='lat' dir='ltr'><strong>Iacili</strong></span> <span class='ocrx_word' id='word_1_39' title='bbox 580 944 670 1006; x_wconf 86' lang='lat' dir='ltr'><strong>opera</strong></span> <span class='ocrx_word' id='word_1_40' title='bbox 698 925 853 987; x_wconf 88' lang='lat' dir='ltr'><strong>videbatur</strong></span> <span class='ocrx_word' id='word_1_41' title='bbox 882 929 993 1005; x_wconf 83' lang='lat' dir='ltr'><strong>corrigi</strong></span> <span class='ocrx_word' id='word_1_42' title='bbox 1019 946 1122 1010; x_wconf 89' lang='lat' dir='ltr'><strong>posse,</strong></span> <span class='ocrx_word' id='word_1_43' title='bbox 1154 931 1280 990; x_wconf 84' lang='lat' dir='ltr'><strong>correxi.</strong></span> 
     </span>
     <span class='ocr_line' id='line_1_7' title="bbox 132 1031 1281 1114; baseline 0.001 -18"><span class='ocrx_word' id='word_1_44' title='bbox 132 1034 182 1096; x_wconf 88' lang='lat' dir='ltr'><strong>ubi</strong></span> <span class='ocrx_word' id='word_1_45' title='bbox 215 1041 283 1112; x_wconf 91' lang='lat' dir='ltr'><strong>apta</strong></span> <span class='ocrx_word' id='word_1_46' title='bbox 311 1031 477 1092; x_wconf 86' lang='lat' dir='ltr'><strong>emendatio</strong></span> <span class='ocrx_word' id='word_1_47' title='bbox 505 1039 607 1111; x_wconf 85' lang='lat' dir='ltr'><strong>parata</strong></span> <span class='ocrx_word' id='word_1_48' title='bbox 635 1051 695 1093; x_wconf 93' lang='lat' dir='ltr'><strong>non</strong></span> <span class='ocrx_word' id='word_1_49' title='bbox 724 1040 788 1094; x_wconf 90' lang='lat' dir='ltr'><strong>crat</strong></span> <span class='ocrx_word' id='word_1_50' title='bbox 814 1033 861 1093; x_wconf 89' lang='lat' dir='ltr'><strong>vel</strong></span> <span class='ocrx_word' id='word_1_51' title='bbox 888 1035 989 1113; x_wconf 82' lang='lat' dir='ltr'><strong>gravia</strong></span> <span class='ocrx_word' id='word_1_52' title='bbox 1016 1036 1182 1114; x_wconf 86' lang='lat' dir='ltr'><strong>scripturae</strong></span> <span class='ocrx_word' id='word_1_53' title='bbox 1196 1038 1281 1097; x_wconf 86' lang='lat' dir='ltr'><strong>-vitia</strong></span> 
     </span>
     <span class='ocr_line' id='line_1_8' title="bbox 132 1139 1279 1222; baseline 0.001 -20"><span class='ocrx_word' id='word_1_54' title='bbox 132 1143 195 1202; x_wconf 92' lang='lat' dir='ltr'><strong>sine</strong></span> <span class='ocrx_word' id='word_1_55' title='bbox 224 1141 340 1200; x_wconf 91' lang='lat' dir='ltr'><strong>acriore</strong></span> <span class='ocrx_word' id='word_1_56' title='bbox 368 1139 500 1200; x_wconf 91' lang='lat' dir='ltr'><strong>remedio</strong></span> <span class='ocrx_word' id='word_1_57' title='bbox 525 1141 624 1200; x_wconf 87' lang='lat' dir='ltr'><strong>sanari</strong></span> <span class='ocrx_word' id='word_1_58' title='bbox 645 1158 706 1201; x_wconf 92' lang='lat' dir='ltr'><strong>non</strong></span> <span class='ocrx_word' id='word_1_59' title='bbox 728 1147 879 1222; x_wconf 85' lang='lat' dir='ltr'><strong>poterant,</strong></span> <span class='ocrx_word' id='word_1_60' title='bbox 907 1158 941 1200; x_wconf 89' lang='lat' dir='ltr'><strong>ea</strong></span> <span class='ocrx_word' id='word_1_61' title='bbox 965 1158 1040 1219; x_wconf 90' lang='lat' dir='ltr'><strong>quae</strong></span> <span class='ocrx_word' id='word_1_62' title='bbox 1064 1143 1096 1200; x_wconf 93' lang='lat' dir='ltr'><strong>in</strong></span> <span class='ocrx_word' id='word_1_63' title='bbox 1119 1142 1279 1222; x_wconf 80' lang='lat' dir='ltr'><strong>archetypo</strong></span> 
     </span>
     <span class='ocr_line' id='line_1_9' title="bbox 132 1246 1280 1328; baseline -0.002 -18"><span class='ocrx_word' id='word_1_64' title='bbox 132 1250 242 1327; x_wconf 85' lang='lat' dir='ltr'><strong>scripto</strong></span> <span class='ocrx_word' id='word_1_65' title='bbox 271 1252 356 1307; x_wconf 89' lang='lat' dir='ltr'><strong>erant</strong></span> <span class='ocrx_word' id='word_1_66' title='bbox 386 1248 525 1328; x_wconf 88' lang='lat' dir='ltr'><strong>repetivi;</strong></span> <span class='ocrx_word' id='word_1_67' title='bbox 553 1248 741 1308; x_wconf 88' lang='lat' dir='ltr'><strong>coniecturas</strong></span> <span class='ocrx_word' id='word_1_68' title='bbox 763 1246 810 1306; x_wconf 87' lang='lat' dir='ltr'><strong>veI</strong></span> <span class='ocrx_word' id='word_1_69' title='bbox 833 1246 982 1307; x_wconf 90' lang='lat' dir='ltr'><strong>editorum</strong></span> <span class='ocrx_word' id='word_1_70' title='bbox 1004 1247 1052 1307; x_wconf 80' lang='lat' dir='ltr'><strong>vei</strong></span> <span class='ocrx_word' id='word_1_71' title='bbox 1073 1265 1155 1308; x_wconf 89' lang='lat' dir='ltr'><strong>meas</strong></span> <span class='ocrx_word' id='word_1_72' title='bbox 1177 1250 1280 1328; x_wconf 91' lang='lat' dir='ltr'><strong>paucis</strong></span> 
     </span>
     <span class='ocr_line' id='line_1_10' title="bbox 131 1353 1280 1434; baseline -0.002 -18"><span class='ocrx_word' id='word_1_73' title='bbox 131 1357 204 1417; x_wconf 90' lang='lat' dir='ltr'><strong>locis</strong></span> <span class='ocrx_word' id='word_1_74' title='bbox 227 1356 260 1414; x_wconf 92' lang='lat' dir='ltr'><strong>in</strong></span> <span class='ocrx_word' id='word_1_75' title='bbox 283 1353 471 1414; x_wconf 87' lang='lat' dir='ltr'><strong>adnotatione</strong></span> <span class='ocrx_word' id='word_1_76' title='bbox 496 1353 603 1414; x_wconf 89' lang='lat' dir='ltr'><strong>addidi.</strong></span> <span class='ocrx_word' id='word_1_77' title='bbox 648 1353 777 1434; x_wconf 89' lang='lat' dir='ltr'><strong>reliqua,</strong></span> <span class='ocrx_word' id='word_1_78' title='bbox 806 1371 882 1433; x_wconf 88' lang='lat' dir='ltr'><strong>quae</strong></span> <span class='ocrx_word' id='word_1_79' title='bbox 907 1353 941 1413; x_wconf 94' lang='lat' dir='ltr'><strong>ad</strong></span> <span class='ocrx_word' id='word_1_80' title='bbox 966 1360 1098 1414; x_wconf 91' lang='lat' dir='ltr'><strong>veterem</strong></span> <span class='ocrx_word' id='word_1_81' title='bbox 1120 1353 1280 1416; x_wconf 89' lang='lat' dir='ltr'><strong>lectionem</strong></span> 
     </span>
     <span class='ocr_line' id='line_1_11' title="bbox 131 1459 1280 1541; baseline -0.003 -17"><span class='ocrx_word' id='word_1_82' title='bbox 131 1461 346 1524; x_wconf 86' lang='lat' dir='ltr'><strong>restituendam</strong></span> <span class='ocrx_word' id='word_1_83' title='bbox 368 1462 533 1540; x_wconf 85' lang='lat' dir='ltr'><strong>pertinent,</strong></span> <span class='ocrx_word' id='word_1_84' title='bbox 561 1461 593 1540; x_wconf 89' lang='lat' dir='ltr'><strong>in</strong></span> <span class='ocrx_word' id='word_1_85' title='bbox 616 1461 876 1541; x_wconf 89' lang='lat' dir='ltr'><strong>commentarium,</strong></span> <span class='ocrx_word' id='word_1_86' title='bbox 900 1461 950 1521; x_wconf 94' lang='lat' dir='ltr'><strong>cui</strong></span> <span class='ocrx_word' id='word_1_87' title='bbox 973 1459 1065 1521; x_wconf 86' lang='lat' dir='ltr'><strong>altera</strong></span> <span class='ocrx_word' id='word_1_88' title='bbox 1088 1462 1187 1540; x_wconf 91' lang='lat' dir='ltr'><strong>operis</strong></span> <span class='ocrx_word' id='word_1_89' title='bbox 1210 1479 1280 1541; x_wconf 89' lang='lat' dir='ltr'><strong>pars</strong></span> 
     </span>
     <span class='ocr_line' id='line_1_12' title="bbox 131 1566 1280 1649; baseline -0.003 -19"><span class='ocrx_word' id='word_1_90' title='bbox 131 1570 278 1630; x_wconf 89' lang='lat' dir='ltr'><strong>destinata</strong></span> <span class='ocrx_word' id='word_1_91' title='bbox 302 1576 361 1649; x_wconf 87' lang='lat' dir='ltr'><strong>est,</strong></span> <span class='ocrx_word' id='word_1_92' title='bbox 389 1569 547 1630; x_wconf 86' lang='lat' dir='ltr'><strong>reservavi.</strong></span> <span class='ocrx_word' id='word_1_93' title='bbox 589 1569 710 1629; x_wconf 90' lang='lat' dir='ltr'><strong>interim</strong></span> <span class='ocrx_word' id='word_1_94' title='bbox 734 1585 795 1627; x_wconf 93' lang='lat' dir='ltr'><strong>non</strong></span> <span class='ocrx_word' id='word_1_95' title='bbox 817 1566 953 1628; x_wconf 88' lang='lat' dir='ltr'><strong>inutilem</strong></span> <span class='ocrx_word' id='word_1_96' title='bbox 977 1568 1041 1627; x_wconf 86' lang='lat' dir='ltr'><strong>iore</strong></span> <span class='ocrx_word' id='word_1_97' title='bbox 1065 1569 1167 1647; x_wconf 90' lang='lat' dir='ltr'><strong>putavi</strong></span> <span class='ocrx_word' id='word_1_98' title='bbox 1190 1567 1280 1628; x_wconf 94' lang='lat' dir='ltr'><strong>huius</strong></span> 
     </span>
     <span class='ocr_line' id='line_1_13' title="bbox 131 1673 1280 1756; baseline -0.002 -20"><span class='ocrx_word' id='word_1_99' title='bbox 131 1675 214 1736; x_wconf 90' lang='lat' dir='ltr'><strong>modi</strong></span> <span class='ocrx_word' id='word_1_100' title='bbox 236 1674 406 1756; x_wconf 83' lang='lat' dir='ltr'><strong>editionem,</strong></span> <span class='ocrx_word' id='word_1_101' title='bbox 431 1693 506 1754; x_wconf 88' lang='lat' dir='ltr'><strong>quae</strong></span> <span class='ocrx_word' id='word_1_102' title='bbox 529 1692 590 1734; x_wconf 92' lang='lat' dir='ltr'><strong>uon</strong></span> <span class='ocrx_word' id='word_1_103' title='bbox 610 1673 764 1736; x_wconf 89' lang='lat' dir='ltr'><strong>emendata</strong></span> <span class='ocrx_word' id='word_1_104' title='bbox 784 1691 973 1753; x_wconf 89' lang='lat' dir='ltr'><strong>quocumque</strong></span> <span class='ocrx_word' id='word_1_105' title='bbox 992 1673 1080 1734; x_wconf 92' lang='lat' dir='ltr'><strong>modo</strong></span> <span class='ocrx_word' id='word_1_106' title='bbox 1100 1676 1280 1754; x_wconf 89' lang='lat' dir='ltr'><strong>scriptorum</strong></span> 
     </span>
     <span class='ocr_line' id='line_1_14' title="bbox 131 1779 1280 1863; baseline -0.001 -21"><span class='ocrx_word' id='word_1_107' title='bbox 131 1782 222 1843; x_wconf 85' lang='lat' dir='ltr'><strong>verba</strong></span> <span class='ocrx_word' id='word_1_108' title='bbox 244 1781 408 1863; x_wconf 88' lang='lat' dir='ltr'><strong>exhiberet,</strong></span> <span class='ocrx_word' id='word_1_109' title='bbox 431 1780 482 1842; x_wconf 91' lang='lat' dir='ltr'><strong>sed</strong></span> <span class='ocrx_word' id='word_1_110' title='bbox 507 1783 630 1842; x_wconf 89' lang='lat' dir='ltr'><strong>remotis</strong></span> <span class='ocrx_word' id='word_1_111' title='bbox 652 1782 752 1860; x_wconf 83' lang='lat' dir='ltr'><strong>pravis</strong></span> <span class='ocrx_word' id='word_1_112' title='bbox 771 1780 919 1842; x_wconf 90' lang='lat' dir='ltr'><strong>editorum</strong></span> <span class='ocrx_word' id='word_1_113' title='bbox 938 1779 1153 1842; x_wconf 84' lang='lat' dir='ltr'><strong>mutationibus</strong></span> <span class='ocrx_word' id='word_1_114' title='bbox 1173 1787 1203 1841; x_wconf 93' lang='lat' dir='ltr'><strong>et</strong></span> <span class='ocrx_word' id='word_1_115' title='bbox 1221 1782 1280 1841; x_wconf 94' lang='lat' dir='ltr'><strong>sin·</strong></span> 
     </span>
     <span class='ocr_line' id='line_1_15' title="bbox 132 1887 1279 1968; baseline -0.003 -18"><span class='ocrx_word' id='word_1_116' title='bbox 132 1907 202 1950; x_wconf 91' lang='lat' dir='ltr'><strong>cera</strong></span> <span class='ocrx_word' id='word_1_117' title='bbox 229 1889 428 1967; x_wconf 90' lang='lat' dir='ltr'><strong>antiquissimi</strong></span> <span class='ocrx_word' id='word_1_118' title='bbox 452 1887 629 1967; x_wconf 82' lang='lat' dir='ltr'><strong>exemplaris</strong></span> <span class='ocrx_word' id='word_1_119' title='bbox 652 1890 800 1968; x_wconf 87' lang='lat' dir='ltr'><strong>scriptura</strong></span> <span class='ocrx_word' id='word_1_120' title='bbox 822 1889 976 1968; x_wconf 86' lang='lat' dir='ltr'><strong>proposita</strong></span> <span class='ocrx_word' id='word_1_121' title='bbox 999 1887 1035 1947; x_wconf 87' lang='lat' dir='ltr'><strong>ad</strong></span> <span class='ocrx_word' id='word_1_122' title='bbox 1058 1906 1158 1949; x_wconf 89' lang='lat' dir='ltr'><strong>veram</strong></span> <span class='ocrx_word' id='word_1_123' title='bbox 1182 1906 1279 1949; x_wconf 91' lang='lat' dir='ltr'><strong>emen-</strong></span> 
     </span>
     <span class='ocr_line' id='line_1_16' title="bbox 100 1995 533 2075; baseline 0 -20"><span class='ocrx_word' id='word_1_124' title='bbox 100 1995 107 2003; x_wconf 88' lang='lat'>&#39;</span> <span class='ocrx_word' id='word_1_125' title='bbox 131 1995 283 2056; x_wconf 87' lang='lat' dir='ltr'><strong>dationem</strong></span> <span class='ocrx_word' id='word_1_126' title='bbox 306 1997 383 2054; x_wconf 87' lang='lat' dir='ltr'><strong>viam</strong></span> <span class='ocrx_word' id='word_1_127' title='bbox 405 2001 533 2075; x_wconf 90' lang='lat' dir='ltr'><strong>pararet.</strong></span> 
     </span>
    </p>
   </div>
   <div class='ocr_carea' id='block_1_5' title="bbox 223 2133 1235 2215">
    <p class='ocr_par' dir='ltr' id='par_1_5' title="bbox 223 2133 1235 2215">
     <span class='ocr_line' id='line_1_17' title="bbox 223 2133 1235 2215; baseline -0.001 -19"><span class='ocrx_word' id='word_1_128' title='bbox 223 2136 336 2215; x_wconf 88' lang='lat' dir='ltr'><strong>Scripsi</strong></span> <span class='ocrx_word' id='word_1_129' title='bbox 359 2135 440 2197; x_wconf 89' lang='lat' dir='ltr'><strong>Halis</strong></span> <span class='ocrx_word' id='word_1_130' title='bbox 465 2136 612 2197; x_wconf 84' lang='lat' dir='ltr'><strong>Saxonum</strong></span> <span class='ocrx_word' id='word_1_131' title='bbox 636 2154 738 2196; x_wconf 89' lang='lat' dir='ltr'><strong>mense</strong></span> <span class='ocrx_word' id='word_1_132' title='bbox 762 2134 886 2198; x_wconf 85' lang='lat' dir='ltr'><strong>Octobri</strong></span> <span class='ocrx_word' id='word_1_133' title='bbox 908 2154 934 2197; x_wconf 91' lang='lat' dir='ltr'><strong>a.</strong></span> <span class='ocrx_word' id='word_1_134' title='bbox 956 2133 1235 2196; x_wconf 83' lang='lat' dir='ltr'><strong>MDGCGLXXXIV.</strong></span> 
     </span>
    </p>
   </div>
   <div class='ocr_carea' id='block_1_6' title="bbox 200 4555 401 4601">
    <p class='ocr_par' dir='ltr' id='par_1_6' title="bbox 200 4555 401 4601">
     <span class='ocr_line' id='line_1_18' title="bbox 200 4555 401 4601; baseline 0.03 -6"><span class='ocrx_word' id='word_1_135' title='bbox 200 4555 257 4600; x_wconf 78' lang='lat' dir='ltr'><strong>Caro</strong></span> <span class='ocrx_word' id='word_1_136' title='bbox 270 4571 302 4600; x_wconf 75' lang='lat' dir='ltr'><strong>nn</strong></span> <span class='ocrx_word' id='word_1_137' title='bbox 315 4570 375 4601; x_wconf 71' lang='lat' dir='ltr'><strong>ram</strong></span> <span class='ocrx_word' id='word_1_138' title='bbox 389 4569 401 4600; x_wconf 84' lang='lat' dir='ltr'><strong>o</strong></span> 
     </span>
    </p>
   </div>
   <div class='ocr_carea' id='block_1_7' title="bbox 0 0 1504 5026">
    <p class='ocr_par' dir='ltr' id='par_1_7' title="bbox 0 0 1504 5026">
     <span class='ocr_line' id='line_1_19' title="bbox 0 0 1504 5026; baseline 0 1"><span class='ocrx_word' id='word_1_139' title='bbox 0 0 1504 5026; x_wconf 95' lang='lat' dir='ltr'><strong> </strong></span> 
     </span>
    </p>
   </div>
  </div>
 </body>
</html>
