3000 5026
429 113 558 168 RERVM
575 112 813 169 RVSTIOARVM
832 112 899 166 LlB.
919 114 931 165 I
952 110 969 165 2
1209 111 1273 175 123

125 293 264 338 socerum
278 297 386 360 meum,
405 288 435 340 et
450 281 481 342 C.
495 282 617 360 Agrium
633 283 763 359 equitem
777 280 811 340 R.
827 279 1011 340 Socraticum
1026 286 1056 339 et
1070 278 1101 337 P.
1116 278 1272 356 Agrasium

123 383 319 460 publicanum
342 394 510 464 spectantes
533 390 565 447 in
587 389 701 466 pariete
725 389 835 466 pictam
859 386 980 446 ltaliam.
1027 385 1103 456 Quid
1129 404 1180 444 vos
1203 381 1273 446 hic?

124 490 256 572 inquam,
280 511 350 553 num
374 494 465 555 feriae
489 496 667 555 sementivae
691 496 801 554 otiosos
824 493 883 554 huc
902 493 1097 572 adduxerunt,
1122 499 1155 552 ut
1173 498 1273 570 patres

124 603 155 655 et
178 616 250 658 avos
273 598 406 661 solebant
430 599 570 662 nostros?
614 601 675 661 Nos
698 619 782 680 vero,
809 603 906 679 inquit
929 600 1051 679 Agrius,
1075 607 1108 659 ut
1131 598 1297 677 arbitror,2

73 722 97 765 5
124 703 229 765 eadem
259 703 321 783 [de]
351 726 438 768 causa
470 728 542 788 quae
571 716 613 789 te,
647 710 760 786 rogatio
791 707 931 767 aeditimi.
977 710 1077 785 itaque
1106 708 1131 764 si
1154 707 1195 765 ita
1218 712 1271 783 est,

125 816 159 868 ut
187 811 306 893 adnuis,
334 832 451 875 morere
480 823 598 895 oportet
621 815 789 894 nobiscum,
818 812 960 874 dumille
984 820 1159 874 revertatur.
1205 829 1272 872 nam

124 920 290 979 accersitus
318 919 355 979 ab
378 922 483 1002 aedile,
513 901 598 982 cuius
623 923 792 999 procuratio
817 921 906 981 huius
930 920 1032 999 templi
1056 927 1114 999 est,
1141 919 1273 978 nondum

120 1024 216 1085 rediit
248 1033 279 1085 et
309 1045 363 1087 nos
395 1031 440 1088 uti
469 1039 693 1108 expectaremus
721 1047 753 1088 se
781 1028 902 1106 reliquit
930 1029 982 1107 qui
1008 1033 1135 1104 rogaret.
1181 1024 1273 1084 Voltis

119 1129 219 1206 igitur
251 1134 366 1192 interea
398 1140 483 1194 vetus
515 1135 719 1217 proverbium,
757 1135 836 1215 quod
869 1141 915 1194 est
903 1129 1108 1194 tRomanus
1142 1132 1272 1193 sedendo

40 1269 89 1312 10
121 1235 231 1300 nncit'
231 1258 452 1333 ,usurpemus
477 1240 548 1302 dum
566 1243 616 1303 ille
635 1239 736 1303 venit?
782 1242 899 1322 Sane,'
891 1242 989 1319 mquit
1007 1241 1116 1318 Agrius
1137 1246 1166 1299 et
1186 1237 1273 1299 simul

116 1348 260 1422 cogitans
283 1354 399 1425 portam
422 1349 524 1409 itineri
546 1349 605 1409 dici
627 1349 828 1428 longissimam
848 1367 913 1408 esso
933 1347 969 1407 ad
989 1346 1129 1407 subsellia
1150 1364 1274 1425 sequen-

116 1449 209 1514 tibus
231 1452 318 1514 nobis
341 1454 485 1532 procedit.

216 1561 291 1622 Cum
311 1561 559 1640 consedissemus
582 1563 731 1642 Agrasius,
755 1562 821 1643 Vos,
846 1563 898 1640 qui
916 1561 1023 1621 multas
1041 1559 1298 1638 perambulastis3

106 1679 232 1749 terras,
250 1686 375 1746 ecquam
394 1667 549 1729 cultiorem
568 1667 650 1729 ltalia
669 1670 792 1750 vidistis,
811 1665 931 1748 inquit?
976 1667 1038 1746 Ego
1058 1686 1136 1747 vero,
1156 1667 1273 1745 Agrius,

65 1789 83 1826 1⁵
101 1773 239 1834 nullam
261 1773 392 1834 arbitror
415 1793 479 1835 esse
504 1794 579 1854 qliae
599 1784 658 1836 tam
678 1784 738 1837 tota
758 1779 797 1837 sit
820 1775 907 1837 culta.
953 1777 1082 1853 primum
1106 1793 1173 1834 cum
1194 1772 1274 1832 orbis

71 1888 226 1958 ¹terrae
254 1881 366 1942 divisus
390 1884 483 1941 sitin
507 1882 580 1943 duas
603 1891 703 1961 partes
727 1884 763 1943 ab
788 1881 985 1942 Eratosthene
1010 1899 1144 1941 maxume
1169 1898 1272 1939 secun-

87 1983 202 2048 dum
230 1990 379 2068 naturam,
408 1989 444 2048 ad
467 1989 622 2048 meridiem
644 2008 747 2050 versus
771 1997 801 2050 et
824 1990 860 2050 ad
885 1991 1125 2069 septemtriones,
1153 1997 1183 2047 et
1207 1989 1301 2049 sinet

81 2090 220 2154 dubio
243 2097 382 2175 quoniam
407 2091 553 2156 salubrior
574 2114 643 2174 pars
664 2092 912 2175 septemtrionalis
932 2103 978 2156 est
997 2114 1084 2175 quam
1103 2093 1275 2173 meridiana,

77 2203 120 2255 et
146 2218 250 2279 quae
270 2201 444 2282 salubriora,
464 2201 513 2262 illa
528 2203 736 2285 fructuosiora,
755 2182 913 2265 dicendum
927 2202 1029 2281 ibique
1044 2201 1164 2281 ltaliam,
1183 2201 1276 2280 magis

199 2432 217 2480 1
250 2403 424 2482 soceibffium
451 2427 479 2480 A
570 2429 679 2499 agrium
708 2447 755 2485 mo
784 2431 890 2485 acrium
920 2406 1012 2483 PAb
1101 2427 1224 2495 equitem
1252 2426 1277 2482 R

62 2503 104 2556 Β
140 2510 314 2573 Victorius
328 2515 452 2585 equitem
466 2518 651 2573 Rromauum
665 2519 692 2571 A
706 2519 829 2588 equitem
844 2536 989 2574 romanum
1007 2517 1033 2571 V
1084 2516 1235 2571 socratium
1248 2513 1276 2566 A

193 2612 219 2660 3
241 2605 414 2661 sementinae
438 2606 499 2661 AB
522 2608 694 2673 sementinae
722 2607 778 2662 Vnt
854 2609 1030 2662 adduxerunt
1047 2607 1112 2678 fAB
1139 2604 1277 2660 Victorius

56 2717 271 2787 addunrere
304 2731 331 2785 V
418 2736 434 2785 5
463 2732 560 2786 eadem
593 2733 627 2786 de
653 2709 719 2787 abisa
741 2732 790 2786 A.
806 2731 840 2785 de
868 2732 958 2786 omisit
986 2731 1133 2785 Iucundos
1223 2744 1277 2795 que

51 2842 95 2894 te
116 2827 291 2928 ‘fbgatio
306 2857 334 2910 a
388 2855 515 2911 aearum
533 2856 560 2910 V
575 2857 720 2911 aedituum
733 2858 761 2911 s
780 2854 869 2911 aaran
883 2855 941 2910 Am
991 2852 1120 2908 casnm
1139 2851 1228 2906 ran

49 2981 313 3037 111orereVB
332 2960 423 3037 morie
437 2982 465 3036 A
484 2983 587 3037 morari
600 3000 627 3037 m
645 2999 785 3037 morarer
858 2987 873 3034 7
892 2980 1015 3034 nondum
1031 2979 1090 3032 AB
1109 2978 1233 3031 nundum
1251 2978 1280 3037 ¹V

186 3077 221 3125 8
238 3072 281 3127 uti
300 3074 510 3140 expectaremus
526 3073 554 3126 P
565 3076 598 3127 ut
612 3073 821 3143 expectaremus
836 3071 917 3125 ABo
972 3067 1058 3123 uoltis
1072 3067 1100 3120 A
1115 3065 1201 3121 uultis
1221 3066 1277 3120 VB

184 3204 220 3251 9
247 3173 332 3256 intra
350 3201 378 3255 A
451 3203 484 3253 10
502 3196 594 3265 inquit
613 3197 670 3252 VB
687 3197 786 3266 inquid
804 3196 832 3249 A
906 3200 937 3248 11
957 3191 1123 3262 longissima
1141 3191 1169 3245 A
1240 3196 1293 3258 uo'

49 3318 173 3380 sequ
179 3293 458 3396 entibuibb'rocedit
476 3325 504 3378 B

184 3419 239 3470 13
259 3417 466 3471 consedisemus
481 3413 509 3467 A
579 3410 713 3481 Agrasius
730 3410 789 3463 PB
808 3409 949 3478 agrassius
963 3410 991 3462 A
1004 3406 1138 3478 Agriuso
1210 3404 1278 3474 quid

52 3489 238 3558 multas
252 3507 279 3559 A
353 3511 386 3559 14
406 3519 523 3572 ecquam
542 3500 723 3566 Victorinset
736 3515 820 3568 quam
837 3498 928 3552 PAB
943 3515 1058 3566 quamn
1126 3492 1237 3549 italiam
1251 3495 1279 3545 Β

180 3590 298 3664 inquit
316 3597 365 3648 Bo
389 3591 487 3662 inquid
507 3591 566 3645 PA
638 3606 691 3658 ego
713 3604 780 3642 uero
805 3586 897 3655 agrius
921 3586 1011 3640 VAB
1031 3603 1083 3657 ego
1101 3601 1168 3639 uero
1187 3583 1281 3652 inquit

59 3668 231 3738 agrius
247 3685 318 3740 Alm
392 3686 424 3736 15
442 3680 576 3753 primum]
595 3681 636 3734 De
655 3677 802 3733 fertilitate
825 3675 907 3730 Italia
925 3677 957 3729 ιἰι
975 3676 1098 3744 marpissa
1121 3675 1233 3729 rubrica
1252 3671 1279 3724 A

187 3809 243 3862 16
273 3809 402 3864 aberatos
429 3773 494 3865 tlelne
521 3807 549 3861 A
577 3805 614 3859 ab
642 3822 689 3859 era
690 3803 819 3875 tosthenp
847 3803 875 3854 B
903 3802 938 3854 ab
966 3799 1158 3853 Erathostene
1186 3797 1212 3849 V

75 3890 264 3952 maxum,
282 3899 340 3952 ΡΒ
368 3897 488 3953 maxime
506 3895 555 3950 Ao
629 3900 661 3948 17
688 3892 839 3948 merediem
857 3891 885 3944 Β
958 3888 995 3942 ad
1019 3885 1232 3956 septemtriones
1251 3884 1280 3938 A

83 3961 133 4017 ad
176 3987 415 4056 septemtriones
443 3989 524 4057 (corr.
549 3985 693 4053 septentr.)
718 3984 746 4037 Β
775 3982 810 4035 ad
833 3977 1037 4049 septentriones
1065 3975 1092 4029 V
1112 3976 1147 4029 ad
1172 3975 1279 4044 septen-

88 4050 259 4128 trlonem
278 4095 305 4132 m
377 4081 410 4130 18
432 4093 498 4145 pars
522 4072 729 4151 septetrionalis
748 4072 808 4126 AB
830 4086 897 4139 pars
921 4064 1146 4137 septentrionalis
1168 4065 1195 4118 P
1215 4080 1281 4132 pars

96 4152 333 4220 septemremis
357 4182 373 4218 o
463 4163 624 4218 merediana
647 4179 715 4217 corr.
739 4159 836 4214 merid.
856 4159 883 4212 A
974 4163 1007 4211 19
1030 4173 1101 4225 quae
1126 4153 1281 4208 salubriora

103 4226 169 4288 ma
194 4245 391 4312 fructuosiora
407 4254 499 4307 PAR
518 4269 590 4322 quae
609 4252 746 4306 salubrior
760 4250 811 4305 illa
828 4247 997 4303 fructuosior
1015 4263 1061 4301 me
1134 4244 1280 4298 dicendum

10 4434 65 4768 =,
