3000 5026
264 344 330 408 280
755 341 942 397 VARRONIS

214 518 376 592 11Lxx113
405 511 498 590 quaad
527 510 689 590 capitulum
717 509 881 570 rutundum
909 518 967 590 est,
995 511 1088 589 pedes
1110 526 1217 572 xxvn.
1263 513 1301 572 ad
1329 512 1439 592 baec„

261 622 302 679 ita
333 627 366 678 ut
394 622 424 678 in
452 620 585 697 margine
614 620 701 696 quasi
727 619 828 677 infimo
856 616 973 678 tabulae
1002 617 1151 696 descripta
1178 620 1218 679 sit
1241 619 1412 699 ambulatio,

263 725 300 786 ab
328 726 485 786 ornithone
514 725 658 805 plumula,
686 727 717 784 in
745 743 802 802 qua
831 725 926 784 media
950 733 1022 785 sunt
1044 727 1157 805 cariae,
1185 744 1244 804 qua
1267 728 1412 787 introitus

264 832 352 910 [itur]
381 835 412 893 in
440 850 537 892 aream
566 840 620 891 est.
666 834 697 891 in
724 830 839 907 limine,
867 833 897 890 in
926 830 1069 891 lateribus
1097 832 1200 892 dextre
1229 840 1260 892 et
1288 835 1411 894 sinistra

263 941 396 1018 porticus
420 947 491 999 sunt
514 938 696 1018 primoribus
720 937 866 998 columnis
888 937 1019 1018 lapideis,
1043 957 1098 1016 pro
1117 939 1223 999 mediis
1241 939 1412 1000 arbusculis
1438 955 1451 994 s

263 1045 425 1108 humilibus
454 1045 620 1119 ordinatae,
649 1063 717 1105 cnm
745 1064 761 1104 a
790 1062 905 1105 summa
933 1043 1060 1104 macerie
1088 1045 1123 1104 ad
1147 1046 1309 1125 epistylum
1332 1055 1413 1107 tecta

263 1156 395 1233 porticus
429 1156 468 1213 sit
499 1161 563 1213 rete
595 1151 758 1212 cannatina
790 1160 821 1212 et
848 1150 884 1210 ab
912 1151 1037 1230 epistylo
1065 1151 1101 1212 ad
1129 1152 1304 1231 stylobaten.
1354 1152 1412 1213 bae

263 1269 333 1320 sunt
365 1259 468 1321 avibus
501 1262 676 1337 omnigenus
707 1258 857 1338 oppletae,
888 1258 998 1336 quibus
1026 1259 1112 1320 cibus
1142 1261 1330 1320 ministratur
1358 1278 1414 1339 per

217 1373 255 1429 12
267 1376 360 1428 retem
389 1377 419 1427 et
447 1385 521 1445 aqua
550 1365 642 1426 rivolo
670 1369 753 1426 tenui
780 1365 892 1426 adlluit.
938 1366 1102 1427 secundum
1129 1365 1284 1446 stylobatis
1307 1368 1415 1451 interi-y

261 1493 343 1534 orem
372 1482 486 1553 partem
514 1473 618 1533 dextra
645 1482 676 1532 et
690 1475 819 1532 sinistra
843 1472 878 1533 ad
902 1489 1046 1533 summam
1070 1492 1168 1533 aream
1192 1472 1371 1552 qrradratam
1394 1485 1453 1532 elo

262 1582 359 1641 medio
382 1581 516 1642 diversae
540 1580 616 1640 duae
640 1598 701 1639 non
724 1579 799 1638 latae
818 1578 960 1657 oblongae
981 1589 1051 1640 sunt
1068 1583 1200 1660 piscinae
1218 1580 1255 1640 ad
1275 1582 1413 1659 porticus

263 1707 375 1748 versus.
409 1691 487 1748 inter
510 1706 560 1747 eas
579 1688 708 1766 piscinas
728 1686 932 1746 tantummodo
953 1705 1092 1747 accessus
1111 1689 1216 1748 semita
1235 1689 1265 1747 in
1285 1687 1413 1765 tbolum,

263 1798 314 1874 qui
338 1803 384 1855 est
407 1794 484 1854 ultra
508 1793 657 1854 rutundus
680 1791 877 1872 columnatus,
901 1801 935 1852 ut
957 1801 1005 1853 est
1027 1796 1058 1853 in
1081 1793 1153 1854 aede
1177 1794 1283 1876 Catuli,
1306 1797 1333 1856 si
1357 1814 1413 1874 pro

262 1901 427 1980 parietibus
456 1901 563 1962 leceris
591 1900 753 1961 columnas.
799 1908 881 1960 extra
905 1919 955 1960 eas
978 1887 1131 1961 columnas
1154 1909 1201 1962 est
1224 1901 1298 1961 silva
1321 1920 1412 1962 manu

264 2017 338 2088 sata,
366 2008 529 2087 grandibus
552 2007 709 2068 arboribus
732 2016 823 2087 tecta,
853 2019 886 2068 ut
910 2009 1009 2068 infima
1033 2008 1199 2088 perluceat,
1223 2017 1284 2070 tota
1309 2019 1413 2090 saepta
1428 2017 1453 2059 1⁵

216 2119 404 2180 13maceriis
426 2115 502 2176 altis.
534 2117 611 2176 intra
635 2115 708 2176 tboli
730 2115 884 2175 columnas
907 2116 1070 2175 exteriores
1089 2114 1219 2193 lapideas
1238 2125 1269 2177 et
1287 2118 1413 2178 totidem

262 2225 421 2284 interiores
445 2242 480 2282 ex
504 2222 600 2282 abiete
624 2231 729 2283 tennes
752 2222 836 2282 locus
859 2231 905 2282 est
928 2222 1019 2300 pedes
1044 2223 1176 2300 quinque
1198 2221 1286 2284 lotus.
1332 2225 1415 2284 inter

262 2330 414 2391 columnas
442 2332 605 2390 exteriores
633 2348 688 2407 pro
716 2331 829 2407 pariete
858 2329 977 2389 reticuli
1004 2348 1021 2388 e
1049 2331 1149 2389 nervis
1171 2338 1258 2409 sunt,
1286 2339 1320 2391 ut
1345 2350 1413 2410 per·

263 2439 338 2514 spici
366 2439 397 2495 in
426 2435 496 2495 silva
524 2438 620 2514 possit
650 2443 680 2495 et
708 2455 782 2514 quae
810 2434 852 2495 ibi
878 2445 962 2516 sunt,
989 2454 1086 2514 neque
1119 2438 1181 2495 avis
1209 2455 1244 2496 ea
1272 2441 1414 2499 transire.

263 2544 340 2602 intra
363 2545 524 2618 interiores
546 2542 698 2602 columnas
721 2561 776 2620 pro
800 2545 912 2621 pariete
936 2551 1000 2603 rete
1023 2545 1166 2603 aviarium
1185 2552 1231 2604 est
1249 2544 1414 2607 obiectum.
1429 2549 1457 2589 ²⁰

263 2650 342 2710 inter
361 2648 414 2708 bas
433 2657 463 2708 et
481 2651 645 2709 exteriores
664 2648 807 2727 gradatim
828 2650 1033 2711 substructum
1052 2658 1085 2711 ut
1102 2650 1283 2711 theatridion
1297 2653 1414 2713 avium:

334 2845 356 2907 1·
378 2838 530 2892 rutundum
553 2838 610 2892 ΡΑ
632 2839 783 2892 rotundum
805 2839 854 2892 Bo
926 2845 943 2892 2
971 2839 1113 2910 descripta
1140 2839 1197 2894 VB
1224 2839 1364 2911 discripta
1386 2843 1415 2896 A

333 2930 396 2984 3in
416 2945 473 2998 qus
490 2945 540 2983 orn.
555 2927 584 2982 A
655 2926 752 2981 cauiae
769 2927 862 2981 PAB
880 2943 1012 2982 ceueoev
1084 2946 1140 2997 qus
1157 2928 1288 2983 introitus
1305 2927 1368 2984 itur
1384 2930 1417 2984 in

263 3035 358 3073 aream
382 3021 426 3072 est
446 3017 538 3072 PAB
561 3034 618 3085 qua
639 3016 773 3072 introitus
796 3017 826 3070 in
847 3033 942 3071 oresm
970 3017 1015 3071 est
1041 3035 1057 3072 v
1093 3016 1155 3083 Qus
1180 3016 1236 3072 iter
1262 3018 1293 3072 in
1316 3034 1416 3074 orcam

263 3109 307 3162 est
326 3109 480 3163 Iucundos.
507 3107 645 3177 ‘Aminea
662 3108 707 3161 bic
725 3107 807 3160 etiam
826 3107 904 3161 lectio
918 3107 1091 3177 perturbato,
1108 3112 1134 3160 et
1146 3123 1213 3162 sone
1226 3112 1313 3162 totum
1327 3114 1417 3177 caput

263 3197 444 3250 crebrioribus
470 3197 587 3251 marolis
614 3197 792 3266 inquinatum
811 3216 819 3247 .·
839 3193 900 3258 Qua
927 3194 1059 3250 introitus
1088 3194 1146 3249 itur
1171 3193 1202 3250 in
1230 3212 1326 3250 cresin
1356 3197 1413 3252 est’

267 3285 405 3339 Victorius
468 3284 660 3339 5arbnsculis
678 3301 694 3338 s
713 3281 893 3338 artibusculis
911 3283 1002 3338 PAB
1056 3283 1127 3338 tad
1145 3283 1296 3354 epistylum
1320 3285 1377 3339 VB
1397 3303 1417 3340 s

263 3374 419 3443 epistillum
438 3373 465 3429 A
543 3376 619 3429 tecto
642 3373 701 3428 Am
774 3371 972 3427 'lcannabina
989 3373 1049 3427 AB
1068 3372 1207 3428 concbius
1229 3374 1256 3427 V
1310 3376 1359 3447 “et
1376 3375 1415 3436 nb

261 3462 385 3532 epistylo
408 3462 445 3517 ad
468 3464 609 3532 stylobata
628 3464 655 3517 P
676 3464 705 3516 et
728 3460 765 3516 ab
784 3461 915 3532 epistylio
935 3462 992 3530 (sed
1009 3462 1099 3530 ipost
1117 3461 1127 3515 l
1145 3462 1178 3515 iss
1194 3477 1298 3516 ramiro
1315 3463 1357 3529 Β)
1376 3464 1413 3517 sd

261 3552 403 3622 stylobate
418 3549 477 3605 AB
497 3553 526 3605 et
544 3552 580 3605 sb
594 3551 725 3620 epistylio
740 3550 777 3605 ad
790 3550 960 3619 stylobstem
974 3550 1130 3617 Iucundos,
1147 3567 1229 3610 om.,o
1283 3556 1300 3604 8
1321 3551 1413 3606 omni-

262 3659 351 3710 genus
371 3641 463 3694 PAB
482 3655 564 3694 omne
590 3655 678 3708 genus
701 3657 717 3693 s
788 3639 962 3694 ministratur
980 3637 1041 3692 AB
1065 3638 1205 3694 Victorius
1224 3638 1413 3695 administret

263 3731 309 3783 tur
337 3729 364 3781 V
432 3743 483 3796 per
504 3729 594 3781 retem
612 3728 705 3783 PAB
726 3746 777 3798 per
799 3732 859 3784 rete
882 3746 906 3784 v.
946 3728 998 3782 ‘Et
1019 3729 1078 3795 bic,
1101 3734 1127 3782 et
1151 3729 1216 3784 aliis
1239 3730 1321 3784 ctiam
1347 3731 1414 3785 locis

263 3818 344 3871 uirili
361 3833 456 3887 periere
474 3818 505 3871 in
523 3817 646 3885 omissis
664 3817 757 3885 libris,
781 3818 872 3886 Betis,
897 3836 916 3871 o
938 3817 1061 3872 Varrone
1079 3818 1243 3887 ussopotor’
1271 3817 1413 3877 Victorius

335 3948 351 3995 e
374 3939 464 3995 riuolo
485 3941 540 3995 Pe
558 3918 649 3996 nubo
667 3940 695 3995 A
712 3942 839 3998 suune
923 3942 1023 3996 enauit
1040 3942 1067 3996 A
1087 3941 1178 3996 arnus
1200 3941 1255 3996 re
1328 3941 1411 3998 intar-

262 4029 365 4086 riorem
383 4032 410 4084 A
467 4037 499 4084 11
518 4031 644 4100 porticus
662 4049 688 4086 m
701 4032 847 4086 Iomosdus
864 4032 1007 4100 portionas
1024 4031 1115 4086 PAB
1132 4031 1287 4101 porticnlss
1306 4050 1324 4087 c
1378 4037 1410 4086 ts

262 4121 399 4176 rutundus
410 4120 500 4174 PAR
513 4121 677 4176 rotunduso
734 4126 766 4174 15
781 4123 862 4190 septe.
874 4121 901 4174 V
954 4128 985 4175 16
1000 4121 1075 4175 intro.
1087 4118 1161 4175 tholi
1175 4122 1328 4178 Iucundos
1341 4121 1405 4179 inb

262 4209 348 4264 tirolis
370 4209 458 4263 VAB
546 4216 579 4263 18
598 4226 613 4262 e
632 4208 724 4264 neruis
743 4226 759 4263 s
778 4226 793 4263 e
812 4209 905 4264 neruis
924 4210 981 4264 ΡΑ
1000 4210 1109 4264 euerius
1126 4210 1155 4263 B
1240 4207 1406 4281 perspiciin

263 4296 337 4351 silus
350 4298 411 4352 AB
425 4296 550 4366 prospici
562 4299 591 4351 in
605 4298 679 4353 silus
698 4299 724 4352 V
735 4298 856 4368 perspici
870 4299 900 4352 in
915 4298 1016 4353 siloem
1033 4299 1175 4354 Tormbos
1188 4299 1295 4354 advers.
1313 4306 1364 4368 21,
1375 4302 1410 4356 23

337 4391 369 4439 19
389 4402 462 4452 quoe
480 4385 523 4439 ibi
540 4387 621 4441 ABv
641 4387 689 4455 qui
708 4388 748 4442 ibi
769 4387 798 4440 P
849 4405 883 4442 ea
905 4388 995 4443 VAB
1013 4405 1083 4442 corr.
1101 4395 1137 4442 esa
1154 4388 1196 4442 Α*
1213 4403 1277 4442 eam
1296 4407 1327 4443 m
1380 4394 1413 4443 st

263 4473 338 4531 inter
364 4473 414 4526 has
433 4476 462 4528 et
480 4473 631 4530 exteriores
651 4477 797 4531 Iucundos
814 4473 888 4532 inter
907 4477 956 4532 hes
976 4475 1125 4531 exteriores
1147 4476 1203 4532 VB
1222 4474 1298 4532 inter
1316 4495 1352 4536 ss
1369 4495 1414 4535 ex.-
