<?xml version="1.0" encoding="UTF-8"?>
<!DOCTYPE html PUBLIC "-//W3C//DTD XHTML 1.0 Transitional//EN"
    "http://www.w3.org/TR/xhtml1/DTD/xhtml1-transitional.dtd">
<html xmlns="http://www.w3.org/1999/xhtml" xml:lang="en" lang="en">
 <head>
  <title>
</title>
<meta http-equiv="Content-Type" content="text/html;charset=utf-8" />
  <meta name='ocr-system' content='tesseract 3.04.00' />
  <meta name='ocr-capabilities' content='ocr_page ocr_carea ocr_par ocr_line ocrx_word'/>
</head>
<body>
  <div class='ocr_page' id='page_1' title='image "./mporcicatonisde01keilgoog_0072.png"; bbox 0 0 3000 5026; ppageno 0'>
   <div class='ocr_carea' id='block_1_1' title="bbox 416 332 1253 427">
    <p class='ocr_par' dir='ltr' id='par_1_1' title="bbox 416 332 1253 427">
     <span class='ocr_line' id='line_1_1' title="bbox 416 332 1253 427; baseline 0.011 -40"><span class='ocrx_word' id='word_1_1' title='bbox 416 333 464 387; x_wconf 86' lang='lat' dir='ltr'>DE</span> <span class='ocrx_word' id='word_1_2' title='bbox 483 332 572 389; x_wconf 83' lang='lat' dir='ltr'><strong>AGRI</strong></span> <span class='ocrx_word' id='word_1_3' title='bbox 591 333 762 389; x_wconf 79' lang='lat' dir='ltr'>OVL&#39;IVRA</span> <span class='ocrx_word' id='word_1_4' title='bbox 781 335 809 388; x_wconf 84' lang='lat' dir='ltr'>C.</span> <span class='ocrx_word' id='word_1_5' title='bbox 830 337 956 394; x_wconf 80' lang='lat'><strong>39—41</strong></span> <span class='ocrx_word' id='word_1_6' title='bbox 1199 333 1253 427; x_wconf 75' lang='lat' dir='ltr'>¹‘I&#39;I</span> 
     </span>
    </p>
   </div>
   <div class='ocr_carea' id='block_1_2' title="bbox 61 497 1341 2504">
    <p class='ocr_par' dir='ltr' id='par_1_2' title="bbox 106 497 1341 909">
     <span class='ocr_line' id='line_1_2' title="bbox 107 497 1299 579; baseline 0.004 -22"><span class='ocrx_word' id='word_1_7' title='bbox 107 497 162 558; x_wconf 85' lang='lat' dir='ltr'>ubi</span> <span class='ocrx_word' id='word_1_8' title='bbox 177 497 207 557; x_wconf 93' lang='lat' dir='ltr'>id</span> <span class='ocrx_word' id='word_1_9' title='bbox 223 497 339 575; x_wconf 85' lang='lat' dir='ltr'>leceris,</span> <span class='ocrx_word' id='word_1_10' title='bbox 359 498 512 560; x_wconf 90' lang='lat' dir='ltr'>surculum</span> <span class='ocrx_word' id='word_1_11' title='bbox 535 505 725 579; x_wconf 88' lang='lat' dir='ltr'>praeacutum</span> <span class='ocrx_word' id='word_1_12' title='bbox 751 504 829 561; x_wconf 89' lang='lat' dir='ltr'>iuter</span> <span class='ocrx_word' id='word_1_13' title='bbox 852 501 961 561; x_wconf 90' lang='lat' dir='ltr'>librum</span> <span class='ocrx_word' id='word_1_14' title='bbox 976 508 1006 560; x_wconf 92' lang='lat' dir='ltr'>et</span> <span class='ocrx_word' id='word_1_15' title='bbox 1025 503 1148 579; x_wconf 78' lang='lat' dir='ltr'><strong>stirpem</strong></span> <span class='ocrx_word' id='word_1_16' title='bbox 1168 502 1255 560; x_wconf 90' lang='lat' dir='ltr'>artito</span> <span class='ocrx_word' id='word_1_17' title='bbox 1281 506 1299 562; x_wconf 86' lang='lat'><strong>3</strong></span> 
     </span>
     <span class='ocr_line' id='line_1_3' title="bbox 107 604 1341 693; baseline 0.003 -30"><span class='ocrx_word' id='word_1_18' title='bbox 107 605 251 683; x_wconf 89' lang='lat' dir='ltr'>primoris</span> <span class='ocrx_word' id='word_1_19' title='bbox 274 604 382 682; x_wconf 79' lang='lat' dir='ltr'><strong>digitos</strong></span> <span class='ocrx_word' id='word_1_20' title='bbox 405 621 440 667; x_wconf 91' lang='lat'>11.</span> <span class='ocrx_word' id='word_1_21' title='bbox 477 616 579 686; x_wconf 89' lang='lat' dir='ltr'>postea</span> <span class='ocrx_word' id='word_1_22' title='bbox 603 610 700 687; x_wconf 90' lang='lat' dir='ltr'>eapito</span> <span class='ocrx_word' id='word_1_23' title='bbox 725 608 780 668; x_wconf 90' lang='lat' dir='ltr'>tihi</span> <span class='ocrx_word' id='word_1_24' title='bbox 803 607 966 686; x_wconf 90' lang='lat' dir='ltr'>surculum,</span> <span class='ocrx_word' id='word_1_25' title='bbox 990 607 1069 693; x_wconf 50' lang='grc' dir='ltr'>(Μὰ</span> <span class='ocrx_word' id='word_1_26' title='bbox 1093 610 1253 693; x_wconf 33' lang='lat' dir='ltr'>genus-iu,-</span> <span class='ocrx_word' id='word_1_27' title='bbox 1339 687 1341 690; x_wconf 7' lang='lat' dir='ltr'>y</span> 
     </span>
     <span class='ocr_line' id='line_1_4' title="bbox 107 711 1253 815; baseline 0.003 -46"><span class='ocrx_word' id='word_1_28' title='bbox 107 728 210 812; x_wconf 72' lang='lat' dir='ltr'>serere</span> <span class='ocrx_word' id='word_1_29' title='bbox 234 711 328 815; x_wconf 66' lang='lat' dir='ltr'>vples,</span> <span class='ocrx_word' id='word_1_30' title='bbox 352 730 420 802; x_wconf 81' lang='lat' dir='ltr'>eum</span> <span class='ocrx_word' id='word_1_31' title='bbox 435 715 595 804; x_wconf 77' lang='lat' dir='ltr'>primorem</span> <span class='ocrx_word' id='word_1_32' title='bbox 611 716 781 801; x_wconf 63' lang='lat' dir='ltr'>praeposito</span> <span class='ocrx_word' id='word_1_33' title='bbox 797 713 926 775; x_wconf 75' lang='lat' dir='ltr'>oblicum</span> <span class='ocrx_word' id='word_1_34' title='bbox 941 715 1081 792; x_wconf 92' lang='lat' dir='ltr'>primoris</span> <span class='ocrx_word' id='word_1_35' title='bbox 1096 714 1203 792; x_wconf 77' lang='lat' dir='ltr'>digitos</span> <span class='ocrx_word' id='word_1_36' title='bbox 1219 728 1253 773; x_wconf 89' lang='lat'>11.</span> 
     </span>
     <span class='ocr_line' id='line_1_5' title="bbox 106 816 1253 909; baseline 0.002 -33"><span class='ocrx_word' id='word_1_37' title='bbox 106 816 263 897; x_wconf 87' lang='lat' dir='ltr'>surculum</span> <span class='ocrx_word' id='word_1_38' title='bbox 291 818 420 899; x_wconf 91' lang='lat' dir='ltr'>aridum,</span> <span class='ocrx_word' id='word_1_39' title='bbox 450 839 538 899; x_wconf 91' lang='lat' dir='ltr'>quem</span> <span class='ocrx_word' id='word_1_40' title='bbox 566 824 718 903; x_wconf 74' lang='lat' dir='ltr'>artiseriS,</span> <span class='ocrx_word' id='word_1_41' title='bbox 747 824 881 902; x_wconf 82' lang='lat' dir='ltr'>eximito,</span> <span class='ocrx_word' id='word_1_42' title='bbox 909 840 945 909; x_wconf 45' lang='grc' dir='ltr'>(ἔρ</span> <span class='ocrx_word' id='word_1_43' title='bbox 974 823 1062 906; x_wconf 75' lang='lat' dir='ltr'>artito</span> <span class='ocrx_word' id='word_1_44' title='bbox 1091 820 1253 903; x_wconf 72' lang='lat' dir='ltr'>surculum,</span> 
     </span>
    </p>

    <p class='ocr_par' dir='ltr' id='par_1_3' title="bbox 78 925 1295 1240">
     <span class='ocr_line' id='line_1_6' title="bbox 78 925 1252 1021; baseline 0.002 -37"><span class='ocrx_word' id='word_1_45' title='bbox 78 937 196 1021; x_wconf 78' lang='lat' dir='ltr'>⁵.qu</span> <span class='ocrx_word' id='word_1_46' title='bbox 217 927 349 1020; x_wconf 71' lang='lat' dir='ltr'>inserere</span> <span class='ocrx_word' id='word_1_47' title='bbox 368 925 458 1018; x_wconf 63' lang='lat' dir='ltr'>vples.</span> <span class='ocrx_word' id='word_1_48' title='bbox 495 927 654 989; x_wconf 85' lang='lat' dir='ltr'>librumad</span> <span class='ocrx_word' id='word_1_49' title='bbox 675 929 783 989; x_wconf 90' lang='lat' dir='ltr'>librum</span> <span class='ocrx_word' id='word_1_50' title='bbox 799 947 919 989; x_wconf 78' lang='lat' dir='ltr'>vorsum</span> <span class='ocrx_word' id='word_1_51' title='bbox 933 929 1031 1007; x_wconf 83' lang='lat' dir='ltr'>facito,</span> <span class='ocrx_word' id='word_1_52' title='bbox 1054 931 1142 988; x_wconf 75' lang='lat' dir='ltr'>autito</span> <span class='ocrx_word' id='word_1_53' title='bbox 1158 945 1252 1006; x_wconf 89' lang='lat' dir='ltr'>usque</span> 
     </span>
     <span class='ocr_line' id='line_1_7' title="bbox 105 1031 1287 1116; baseline 0.002 -25"><span class='ocrx_word' id='word_1_54' title='bbox 105 1032 189 1112; x_wconf 91' lang='lat' dir='ltr'>adeo,</span> <span class='ocrx_word' id='word_1_55' title='bbox 214 1052 272 1112; x_wconf 87' lang='lat' dir='ltr'>quo</span> <span class='ocrx_word' id='word_1_56' title='bbox 296 1037 492 1112; x_wconf 80' lang='lat' dir='ltr'>praeacueris</span> <span class='ocrx_word' id='word_1_57' title='bbox 530 1037 607 1096; x_wconf 89' lang='lat' dir='ltr'>idem</span> <span class='ocrx_word' id='word_1_58' title='bbox 627 1037 752 1098; x_wconf 89' lang='lat' dir='ltr'>alterum</span> <span class='ocrx_word' id='word_1_59' title='bbox 773 1037 936 1116; x_wconf 89' lang='lat' dir='ltr'>surculum,</span> <span class='ocrx_word' id='word_1_60' title='bbox 959 1031 1091 1114; x_wconf 86' lang='lat' dir='ltr'>tertium,</span> <span class='ocrx_word' id='word_1_61' title='bbox 1115 1041 1253 1114; x_wconf 88' lang='lat' dir='ltr'>quartum</span> <span class='ocrx_word' id='word_1_62' title='bbox 1279 1033 1287 1058; x_wconf 92' lang='lat'><strong><em>‘</em></strong></span> 
     </span>
     <span class='ocr_line' id='line_1_8' title="bbox 105 1139 1295 1240; baseline 0.003 -43"><span class='ocrx_word' id='word_1_63' title='bbox 105 1139 210 1200; x_wconf 85' lang='lat' dir='ltr'>facito:</span> <span class='ocrx_word' id='word_1_64' title='bbox 238 1147 311 1230; x_wconf 67' lang='lat' dir='ltr'>quot</span> <span class='ocrx_word' id='word_1_65' title='bbox 338 1159 460 1230; x_wconf 72' lang='lat' dir='ltr'>gepera</span> <span class='ocrx_word' id='word_1_66' title='bbox 475 1142 569 1236; x_wconf 68' lang='lat' dir='ltr'>voles,</span> <span class='ocrx_word' id='word_1_67' title='bbox 599 1152 642 1240; x_wconf 69' lang='lat' dir='ltr'>tot</span> <span class='ocrx_word' id='word_1_68' title='bbox 670 1145 773 1231; x_wconf 59' lang='lat' dir='ltr'>limito.</span> <span class='ocrx_word' id='word_1_69' title='bbox 816 1145 935 1205; x_wconf 85' lang='lat' dir='ltr'>salicem</span> <span class='ocrx_word' id='word_1_70' title='bbox 963 1144 1098 1221; x_wconf 81' lang='lat' dir='ltr'>graecam</span> <span class='ocrx_word' id='word_1_71' title='bbox 1126 1141 1252 1220; x_wconf 91' lang='lat' dir='ltr'>amplius</span> <span class='ocrx_word' id='word_1_72' title='bbox 1276 1146 1295 1201; x_wconf 85' lang='lat'><strong>4</strong></span> 
     </span>
    </p>

    <p class='ocr_par' dir='ltr' id='par_1_4' title="bbox 69 1246 1251 1437">
     <span class='ocr_line' id='line_1_9' title="bbox 69 1246 1251 1330; baseline 0.002 -25"><span class='ocrx_word' id='word_1_73' title='bbox 69 1317 77 1330; x_wconf 43' lang='lat'><strong>·</strong></span> <span class='ocrx_word' id='word_1_74' title='bbox 105 1247 324 1328; x_wconf 89' lang='lat' dir='ltr'>circumligato,</span> <span class='ocrx_word' id='word_1_75' title='bbox 343 1246 406 1307; x_wconf 92' lang='lat' dir='ltr'>luto</span> <span class='ocrx_word' id='word_1_76' title='bbox 425 1248 529 1327; x_wconf 91' lang='lat' dir='ltr'>depsto</span> <span class='ocrx_word' id='word_1_77' title='bbox 549 1251 671 1327; x_wconf 90' lang='lat' dir='ltr'>stirpem</span> <span class='ocrx_word' id='word_1_78' title='bbox 692 1251 814 1311; x_wconf 90' lang='lat' dir='ltr'>oblinito</span> <span class='ocrx_word' id='word_1_79' title='bbox 831 1250 938 1328; x_wconf 83' lang='lat' dir='ltr'>digitos</span> <span class='ocrx_word' id='word_1_80' title='bbox 953 1267 1086 1309; x_wconf 89' lang='lat' dir='ltr'>crassum</span> <span class='ocrx_word' id='word_1_81' title='bbox 1101 1257 1170 1308; x_wconf 90' lang='lat' dir='ltr'>tres.</span> <span class='ocrx_word' id='word_1_82' title='bbox 1209 1249 1251 1307; x_wconf 91' lang='lat' dir='ltr'>iu·</span> 
     </span>
     <span class='ocr_line' id='line_1_10' title="bbox 104 1339 1251 1437; baseline 0.001 -25"><span class='ocrx_word' id='word_1_83' title='bbox 104 1371 198 1431; x_wconf 89' lang='lat' dir='ltr'>super</span> <span class='ocrx_word' id='word_1_84' title='bbox 221 1353 320 1432; x_wconf 90' lang='lat' dir='ltr'>lingua</span> <span class='ocrx_word' id='word_1_85' title='bbox 344 1354 455 1415; x_wconf 89' lang='lat' dir='ltr'>bubula</span> <span class='ocrx_word' id='word_1_86' title='bbox 479 1339 625 1437; x_wconf 78' lang='lat' dir='ltr'>obtegito,</span> <span class='ocrx_word' id='word_1_87' title='bbox 652 1360 677 1417; x_wconf 91' lang='lat' dir='ltr'>si</span> <span class='ocrx_word' id='word_1_88' title='bbox 701 1358 796 1437; x_wconf 86' lang='lat' dir='ltr'>pluat,</span> <span class='ocrx_word' id='word_1_89' title='bbox 825 1376 862 1417; x_wconf 90' lang='lat' dir='ltr'>ne</span> <span class='ocrx_word' id='word_1_90' title='bbox 886 1375 961 1436; x_wconf 89' lang='lat' dir='ltr'>aqua</span> <span class='ocrx_word' id='word_1_91' title='bbox 990 1357 1021 1414; x_wconf 91' lang='lat' dir='ltr'>iu</span> <span class='ocrx_word' id='word_1_92' title='bbox 1048 1355 1157 1414; x_wconf 90' lang='lat' dir='ltr'>librum</span> <span class='ocrx_word' id='word_1_93' title='bbox 1185 1373 1251 1432; x_wconf 91' lang='lat' dir='ltr'>per·</span> 
     </span>
    </p>

    <p class='ocr_par' dir='ltr' id='par_1_5' title="bbox 61 1460 1251 1651">
     <span class='ocr_line' id='line_1_11' title="bbox 61 1460 1251 1542; baseline 0.003 -26"><span class='ocrx_word' id='word_1_94' title='bbox 61 1476 89 1516; x_wconf 86' lang='lat' dir='ltr'>m</span> <span class='ocrx_word' id='word_1_95' title='bbox 103 1469 214 1520; x_wconf 90' lang='lat' dir='ltr'>manet.</span> <span class='ocrx_word' id='word_1_96' title='bbox 252 1474 316 1520; x_wconf 80' lang='lat' dir='ltr'>e&#39;am</span> <span class='ocrx_word' id='word_1_97' title='bbox 347 1462 476 1541; x_wconf 88' lang='lat' dir='ltr'>linguam</span> <span class='ocrx_word' id='word_1_98' title='bbox 505 1465 628 1541; x_wconf 89' lang='lat' dir='ltr'>iusuper</span> <span class='ocrx_word' id='word_1_99' title='bbox 656 1463 764 1524; x_wconf 93' lang='lat' dir='ltr'>librum</span> <span class='ocrx_word' id='word_1_100' title='bbox 788 1460 918 1542; x_wconf 88' lang='lat' dir='ltr'>alligato,</span> <span class='ocrx_word' id='word_1_101' title='bbox 950 1480 987 1522; x_wconf 90' lang='lat' dir='ltr'>ue</span> <span class='ocrx_word' id='word_1_102' title='bbox 1015 1461 1107 1521; x_wconf 87' lang='lat' dir='ltr'>eadat.</span> <span class='ocrx_word' id='word_1_103' title='bbox 1150 1469 1251 1539; x_wconf 92' lang='lat' dir='ltr'>postea</span> 
     </span>
     <span class='ocr_line' id='line_1_12' title="bbox 104 1569 1005 1651; baseline 0.006 -26"><span class='ocrx_word' id='word_1_104' title='bbox 104 1569 279 1627; x_wconf 88' lang='lat' dir='ltr'>stramentis</span> <span class='ocrx_word' id='word_1_105' title='bbox 304 1570 486 1630; x_wconf 90' lang='lat' dir='ltr'>circumdato</span> <span class='ocrx_word' id='word_1_106' title='bbox 510 1570 701 1651; x_wconf 82' lang='lat' dir='ltr'>alligatoque,</span> <span class='ocrx_word' id='word_1_107' title='bbox 725 1589 761 1630; x_wconf 89' lang='lat' dir='ltr'>ue</span> <span class='ocrx_word' id='word_1_108' title='bbox 785 1570 868 1649; x_wconf 90' lang='lat' dir='ltr'>gelus</span> <span class='ocrx_word' id='word_1_109' title='bbox 893 1577 1005 1630; x_wconf 85' lang='lat' dir='ltr'>noceat.</span> 
     </span>
    </p>

    <p class='ocr_par' dir='ltr' id='par_1_6' title="bbox 103 1673 1326 1968">
     <span class='ocr_line' id='line_1_13' title="bbox 194 1673 1326 1758; baseline -0.001 -25"><span class='ocrx_word' id='word_1_110' title='bbox 194 1673 269 1734; x_wconf 89' lang='lat' dir='ltr'>Vitis</span> <span class='ocrx_word' id='word_1_111' title='bbox 292 1677 393 1735; x_wconf 90' lang='lat' dir='ltr'>insitio</span> <span class='ocrx_word' id='word_1_112' title='bbox 417 1694 474 1737; x_wconf 90' lang='lat' dir='ltr'>uua</span> <span class='ocrx_word' id='word_1_113' title='bbox 498 1686 543 1737; x_wconf 91' lang='lat' dir='ltr'>est</span> <span class='ocrx_word' id='word_1_114' title='bbox 567 1696 621 1755; x_wconf 89' lang='lat' dir='ltr'>per</span> <span class='ocrx_word' id='word_1_115' title='bbox 643 1696 708 1758; x_wconf 90' lang='lat' dir='ltr'>ver,</span> <span class='ocrx_word' id='word_1_116' title='bbox 737 1677 828 1737; x_wconf 93' lang='lat' dir='ltr'>altera</span> <span class='ocrx_word' id='word_1_117' title='bbox 852 1684 897 1736; x_wconf 91' lang='lat' dir='ltr'>est</span> <span class='ocrx_word' id='word_1_118' title='bbox 921 1696 988 1737; x_wconf 88' lang='lat' dir='ltr'>cum</span> <span class='ocrx_word' id='word_1_119' title='bbox 1013 1693 1067 1735; x_wconf 84' lang='lat' dir='ltr'>uva</span> <span class='ocrx_word' id='word_1_120' title='bbox 1092 1674 1191 1754; x_wconf 91' lang='lat' dir='ltr'>ssoret,</span> <span class='ocrx_word' id='word_1_121' title='bbox 1215 1692 1248 1733; x_wconf 92' lang='lat' dir='ltr'>ea</span> <span class='ocrx_word' id='word_1_122' title='bbox 1267 1677 1326 1732; x_wconf 83' lang='lat' dir='ltr'>xm</span> 
     </span>
     <span class='ocr_line' id='line_1_14' title="bbox 103 1781 1249 1862; baseline 0.001 -23"><span class='ocrx_word' id='word_1_123' title='bbox 103 1788 226 1858; x_wconf 90' lang='lat' dir='ltr'>optuma</span> <span class='ocrx_word' id='word_1_124' title='bbox 251 1789 305 1841; x_wconf 91' lang='lat' dir='ltr'>est.</span> <span class='ocrx_word' id='word_1_125' title='bbox 342 1785 475 1861; x_wconf 90' lang='lat' dir='ltr'>pirorum</span> <span class='ocrx_word' id='word_1_126' title='bbox 498 1803 533 1844; x_wconf 91' lang='lat' dir='ltr'>ao</span> <span class='ocrx_word' id='word_1_127' title='bbox 556 1784 700 1844; x_wconf 92' lang='lat' dir='ltr'>malorum</span> <span class='ocrx_word' id='word_1_128' title='bbox 725 1787 825 1844; x_wconf 89' lang='lat' dir='ltr'>insitio</span> <span class='ocrx_word' id='word_1_129' title='bbox 844 1803 898 1862; x_wconf 89' lang='lat' dir='ltr'>per</span> <span class='ocrx_word' id='word_1_130' title='bbox 913 1802 964 1843; x_wconf 94' lang='lat' dir='ltr'>ver</span> <span class='ocrx_word' id='word_1_131' title='bbox 978 1790 1008 1842; x_wconf 92' lang='lat' dir='ltr'>et</span> <span class='ocrx_word' id='word_1_132' title='bbox 1022 1801 1075 1860; x_wconf 92' lang='lat' dir='ltr'>per</span> <span class='ocrx_word' id='word_1_133' title='bbox 1090 1781 1249 1841; x_wconf 91' lang='lat' dir='ltr'>solstitium</span> 
     </span>
     <span class='ocr_line' id='line_1_15' title="bbox 103 1886 1248 1968; baseline 0.002 -22"><span class='ocrx_word' id='word_1_134' title='bbox 103 1886 169 1947; x_wconf 94' lang='lat' dir='ltr'>dies</span> <span class='ocrx_word' id='word_1_135' title='bbox 192 1904 214 1948; x_wconf 80' lang='lat' dir='ltr'>u</span> <span class='ocrx_word' id='word_1_136' title='bbox 243 1897 273 1949; x_wconf 89' lang='lat' dir='ltr'>et</span> <span class='ocrx_word' id='word_1_137' title='bbox 300 1908 354 1968; x_wconf 93' lang='lat' dir='ltr'>per</span> <span class='ocrx_word' id='word_1_138' title='bbox 382 1890 567 1952; x_wconf 88' lang='lat' dir='ltr'>vindemiam.</span> <span class='ocrx_word' id='word_1_139' title='bbox 609 1891 689 1951; x_wconf 91' lang='lat' dir='ltr'>oleae</span> <span class='ocrx_word' id='word_1_140' title='bbox 718 1899 748 1950; x_wconf 92' lang='lat' dir='ltr'>et</span> <span class='ocrx_word' id='word_1_141' title='bbox 771 1891 895 1951; x_wconf 87' lang='lat' dir='ltr'>ficorum</span> <span class='ocrx_word' id='word_1_142' title='bbox 919 1891 1019 1950; x_wconf 88' lang='lat' dir='ltr'>insitio</span> <span class='ocrx_word' id='word_1_143' title='bbox 1044 1896 1089 1948; x_wconf 90' lang='lat' dir='ltr'>est</span> <span class='ocrx_word' id='word_1_144' title='bbox 1112 1907 1166 1966; x_wconf 93' lang='lat' dir='ltr'>per</span> <span class='ocrx_word' id='word_1_145' title='bbox 1189 1907 1248 1948; x_wconf 88' lang='lat' dir='ltr'>ver.</span> 
     </span>
    </p>

    <p class='ocr_par' dir='ltr' id='par_1_7' title="bbox 62 1992 1291 2504">
     <span class='ocr_line' id='line_1_16' title="bbox 62 1992 1291 2077; baseline 0.001 -24"><span class='ocrx_word' id='word_1_146' title='bbox 62 2004 89 2044; x_wconf 83' lang='lat'>1⁵</span> <span class='ocrx_word' id='word_1_147' title='bbox 103 1996 194 2054; x_wconf 90' lang='lat' dir='ltr'>ritem</span> <span class='ocrx_word' id='word_1_148' title='bbox 215 1998 258 2056; x_wconf 91' lang='lat' dir='ltr'>sic</span> <span class='ocrx_word' id='word_1_149' title='bbox 273 1999 410 2056; x_wconf 85' lang='lat' dir='ltr'>inserite:</span> <span class='ocrx_word' id='word_1_150' title='bbox 434 1998 596 2075; x_wconf 90' lang='lat' dir='ltr'>praecidito</span> <span class='ocrx_word' id='word_1_151' title='bbox 621 2017 709 2077; x_wconf 92' lang='lat' dir='ltr'>quam</span> <span class='ocrx_word' id='word_1_152' title='bbox 728 2000 851 2074; x_wconf 78' lang='lat' dir='ltr'>insereS,</span> <span class='ocrx_word' id='word_1_153' title='bbox 875 1992 938 2057; x_wconf 92' lang='lat' dir='ltr'>eam</span> <span class='ocrx_word' id='word_1_154' title='bbox 957 1996 1083 2056; x_wconf 91' lang='lat' dir='ltr'>mediam</span> <span class='ocrx_word' id='word_1_155' title='bbox 1102 1995 1248 2054; x_wconf 85' lang='lat' dir='ltr'>diffindito</span> <span class='ocrx_word' id='word_1_156' title='bbox 1273 1999 1291 2054; x_wconf 82' lang='lat'><strong>2</strong></span> 
     </span>
     <span class='ocr_line' id='line_1_17' title="bbox 104 2101 1248 2182; baseline 0 -23"><span class='ocrx_word' id='word_1_157' title='bbox 104 2117 160 2178; x_wconf 87' lang='lat' dir='ltr'>per</span> <span class='ocrx_word' id='word_1_158' title='bbox 186 2101 358 2163; x_wconf 86' lang='lat' dir='ltr'>medullam:</span> <span class='ocrx_word' id='word_1_159' title='bbox 386 2122 421 2163; x_wconf 94' lang='lat' dir='ltr'>eo</span> <span class='ocrx_word' id='word_1_160' title='bbox 445 2104 582 2164; x_wconf 90' lang='lat' dir='ltr'>surculos</span> <span class='ocrx_word' id='word_1_161' title='bbox 606 2113 780 2182; x_wconf 90' lang='lat' dir='ltr'>praeacutos</span> <span class='ocrx_word' id='word_1_162' title='bbox 804 2106 906 2165; x_wconf 91' lang='lat' dir='ltr'>artito:</span> <span class='ocrx_word' id='word_1_163' title='bbox 934 2122 1009 2182; x_wconf 91' lang='lat' dir='ltr'>quos</span> <span class='ocrx_word' id='word_1_164' title='bbox 1033 2104 1161 2181; x_wconf 88' lang='lat' dir='ltr'>inseres,</span> <span class='ocrx_word' id='word_1_165' title='bbox 1188 2119 1248 2160; x_wconf 91' lang='lat' dir='ltr'>me-</span> 
     </span>
     <span class='ocr_line' id='line_1_18' title="bbox 106 2200 1281 2290; baseline 0.001 -25"><span class='ocrx_word' id='word_1_166' title='bbox 106 2205 213 2269; x_wconf 92' lang='lat' dir='ltr'>dullam</span> <span class='ocrx_word' id='word_1_167' title='bbox 241 2229 310 2269; x_wconf 88' lang='lat' dir='ltr'>oum</span> <span class='ocrx_word' id='word_1_168' title='bbox 334 2210 460 2270; x_wconf 90' lang='lat' dir='ltr'>medulla</span> <span class='ocrx_word' id='word_1_169' title='bbox 484 2212 651 2289; x_wconf 80' lang='lat' dir='ltr'>componito.</span> <span class='ocrx_word' id='word_1_170' title='bbox 694 2211 784 2272; x_wconf 90' lang='lat' dir='ltr'>altera</span> <span class='ocrx_word' id='word_1_171' title='bbox 807 2200 908 2271; x_wconf 88' lang='lat' dir='ltr'>insitio</span> <span class='ocrx_word' id='word_1_172' title='bbox 933 2218 992 2270; x_wconf 90' lang='lat' dir='ltr'>est:</span> <span class='ocrx_word' id='word_1_173' title='bbox 1018 2211 1043 2269; x_wconf 92' lang='lat' dir='ltr'>si</span> <span class='ocrx_word' id='word_1_174' title='bbox 1066 2211 1135 2268; x_wconf 91' lang='lat' dir='ltr'>vitis</span> <span class='ocrx_word' id='word_1_175' title='bbox 1158 2210 1247 2290; x_wconf 79' lang='lat' dir='ltr'>ritem</span> <span class='ocrx_word' id='word_1_176' title='bbox 1279 2227 1281 2230; x_wconf 91' lang='lat'>·</span> 
     </span>
     <span class='ocr_line' id='line_1_19' title="bbox 111 2317 1247 2398; baseline 0.004 -28"><span class='ocrx_word' id='word_1_177' title='bbox 111 2317 266 2397; x_wconf 84' lang='lat' dir='ltr'>coutmget,</span> <span class='ocrx_word' id='word_1_178' title='bbox 288 2319 446 2395; x_wconf 89' lang='lat' dir='ltr'>utriusque</span> <span class='ocrx_word' id='word_1_179' title='bbox 469 2319 559 2377; x_wconf 90' lang='lat' dir='ltr'>vitem</span> <span class='ocrx_word' id='word_1_180' title='bbox 583 2325 714 2379; x_wconf 85' lang='lat' dir='ltr'>teneram</span> <span class='ocrx_word' id='word_1_181' title='bbox 734 2321 913 2398; x_wconf 90' lang='lat' dir='ltr'>praeacuito,</span> <span class='ocrx_word' id='word_1_182' title='bbox 937 2317 1056 2396; x_wconf 90' lang='lat' dir='ltr'>obliquo</span> <span class='ocrx_word' id='word_1_183' title='bbox 1080 2318 1158 2377; x_wconf 90' lang='lat' dir='ltr'>iuter</span> <span class='ocrx_word' id='word_1_184' title='bbox 1182 2333 1247 2375; x_wconf 92' lang='lat' dir='ltr'>sese</span> 
     </span>
     <span class='ocr_line' id='line_1_20' title="bbox 114 2421 1291 2504; baseline 0.003 -25"><span class='ocrx_word' id='word_1_185' title='bbox 114 2421 262 2484; x_wconf 85' lang='lat' dir='ltr'>medullam</span> <span class='ocrx_word' id='word_1_186' title='bbox 285 2442 353 2484; x_wconf 89' lang='lat' dir='ltr'>oum</span> <span class='ocrx_word' id='word_1_187' title='bbox 376 2425 505 2484; x_wconf 87' lang='lat' dir='ltr'>medulla</span> <span class='ocrx_word' id='word_1_188' title='bbox 528 2425 603 2486; x_wconf 90' lang='lat' dir='ltr'>libro</span> <span class='ocrx_word' id='word_1_189' title='bbox 623 2426 778 2504; x_wconf 87' lang='lat' dir='ltr'>conligato.</span> <span class='ocrx_word' id='word_1_190' title='bbox 820 2428 907 2485; x_wconf 90' lang='lat' dir='ltr'>tertia</span> <span class='ocrx_word' id='word_1_191' title='bbox 926 2427 1026 2485; x_wconf 88' lang='lat' dir='ltr'>insitio</span> <span class='ocrx_word' id='word_1_192' title='bbox 1048 2430 1106 2483; x_wconf 90' lang='lat' dir='ltr'>est:</span> <span class='ocrx_word' id='word_1_193' title='bbox 1130 2422 1247 2483; x_wconf 86' lang='lat' dir='ltr'>terebra</span> <span class='ocrx_word' id='word_1_194' title='bbox 1272 2427 1291 2483; x_wconf 84' lang='lat'><strong>3</strong></span> 
     </span>
    </p>
   </div>
   <div class='ocr_carea' id='block_1_3' title="bbox 119 2555 318 2572">
    <p class='ocr_par' dir='ltr' id='par_1_8' title="bbox 119 2555 318 2572">
     <span class='ocr_line' id='line_1_21' title="bbox 119 2555 318 2572; baseline 0 0"><span class='ocrx_word' id='word_1_195' title='bbox 119 2555 318 2572; x_wconf 30' lang='lat' dir='ltr'>&amp;m—</span> 
     </span>
    </p>
   </div>
   <div class='ocr_carea' id='block_1_4' title="bbox 177 2623 714 2703">
    <p class='ocr_par' dir='ltr' id='par_1_9' title="bbox 177 2623 714 2703">
     <span class='ocr_line' id='line_1_22' title="bbox 177 2623 714 2703; baseline 0.004 -18"><span class='ocrx_word' id='word_1_196' title='bbox 177 2637 190 2683; x_wconf 93' lang='lat'>1</span> <span class='ocrx_word' id='word_1_197' title='bbox 229 2631 301 2686; x_wconf 86' lang='lat' dir='ltr'>Vitis</span> <span class='ocrx_word' id='word_1_198' title='bbox 320 2631 415 2687; x_wconf 89' lang='lat' dir='ltr'>insitio</span> <span class='ocrx_word' id='word_1_199' title='bbox 433 2623 508 2688; x_wconf 76' lang='lat' dir='ltr'>Plio.</span> <span class='ocrx_word' id='word_1_200' title='bbox 528 2638 577 2700; x_wconf 82' lang='lat'>17,</span> <span class='ocrx_word' id='word_1_201' title='bbox 596 2637 651 2688; x_wconf 77' lang='lat'>112</span> <span class='ocrx_word' id='word_1_202' title='bbox 660 2651 714 2703; x_wconf 78' lang='lat' dir='ltr'>sqq.</span> 
     </span>
    </p>
   </div>
   <div class='ocr_carea' id='block_1_5' title="bbox 119 2747 316 2769">
    <p class='ocr_par' dir='ltr' id='par_1_10' title="bbox 119 2747 316 2769">
     <span class='ocr_line' id='line_1_23' title="bbox 119 2747 316 2769; baseline 0 -2"><span class='ocrx_word' id='word_1_203' title='bbox 119 2747 316 2769; x_wconf 32' lang='grc' dir='ltr'>κ*</span> 
     </span>
    </p>
   </div>
   <div class='ocr_carea' id='block_1_6' title="bbox 42 2839 1285 4498">
    <p class='ocr_par' dir='ltr' id='par_1_11' title="bbox 97 2839 1285 3092">
     <span class='ocr_line' id='line_1_24' title="bbox 174 2839 1285 2915; baseline 0.001 -17"><span class='ocrx_word' id='word_1_204' title='bbox 174 2850 191 2898; x_wconf 82' lang='lat'><strong>2</strong></span> <span class='ocrx_word' id='word_1_205' title='bbox 209 2839 310 2914; x_wconf 71' lang='lat' dir='ltr'>posteo</span> <span class='ocrx_word' id='word_1_206' title='bbox 329 2875 362 2884; x_wconf 90' lang='lat'><em>-</em></span> <span class='ocrx_word' id='word_1_207' title='bbox 381 2843 485 2915; x_wconf 76' lang='lat' dir='ltr'>digitos</span> <span class='ocrx_word' id='word_1_208' title='bbox 504 2845 531 2898; x_wconf 95' lang='grc' dir='ltr'>ΙΙ</span> <span class='ocrx_word' id='word_1_209' title='bbox 549 2847 581 2899; x_wconf 79' lang='lat' dir='ltr'>lu</span> <span class='ocrx_word' id='word_1_210' title='bbox 598 2861 683 2914; x_wconf 69' lang='lat' dir='ltr'>marg.</span> <span class='ocrx_word' id='word_1_211' title='bbox 703 2843 743 2914; x_wconf 89' lang='lat' dir='ltr'>A,</span> <span class='ocrx_word' id='word_1_212' title='bbox 762 2861 811 2900; x_wconf 88' lang='lat' dir='ltr'>om.</span> <span class='ocrx_word' id='word_1_213' title='bbox 832 2846 848 2899; x_wconf 86' lang='lat' dir='ltr'><strong><em>b</em></strong></span> <span class='ocrx_word' id='word_1_214' title='bbox 934 2853 950 2899; x_wconf 85' lang='lat'>3</span> <span class='ocrx_word' id='word_1_215' title='bbox 969 2845 1130 2915; x_wconf 81' lang='lat' dir='ltr'>praeeouito</span> <span class='ocrx_word' id='word_1_216' title='bbox 1149 2861 1165 2898; x_wconf 87' lang='lat' dir='ltr'>o</span> <span class='ocrx_word' id='word_1_217' title='bbox 1183 2861 1246 2914; x_wconf 91' lang='lat' dir='ltr'>pro·</span> <span class='ocrx_word' id='word_1_218' title='bbox 1273 2846 1285 2863; x_wconf 82' lang='grc'>’</span> 
     </span>
     <span class='ocr_line' id='line_1_25' title="bbox 100 2931 1247 3000; baseline 0.01 -28"><span class='ocrx_word' id='word_1_219' title='bbox 100 2931 196 2987; x_wconf 83' lang='lat' dir='ltr'>uouito</span> <span class='ocrx_word' id='word_1_220' title='bbox 216 2933 326 2988; x_wconf 75' lang='lat' dir='ltr'>PAcr</span> <span class='ocrx_word' id='word_1_221' title='bbox 378 2933 543 2988; x_wconf 72' lang='lat' dir='ltr'>tortiueris</span> <span class='ocrx_word' id='word_1_222' title='bbox 561 2933 621 2987; x_wconf 88' lang='lat' dir='ltr'>AR</span> <span class='ocrx_word' id='word_1_223' title='bbox 640 2933 758 2986; x_wconf 82' lang='lat' dir='ltr'>artueris</span> <span class='ocrx_word' id='word_1_224' title='bbox 779 2933 806 2985; x_wconf 94' lang='lat' dir='ltr'><em>P</em></span> <span class='ocrx_word' id='word_1_225' title='bbox 822 2933 964 2986; x_wconf 87' lang='lat' dir='ltr'>acueriso</span> <span class='ocrx_word' id='word_1_226' title='bbox 1037 2931 1247 3000; x_wconf 76' lang='lat' dir='ltr'>opraeacueris</span> 
     </span>
     <span class='ocr_line' id='line_1_26' title="bbox 97 3007 1247 3092; baseline -0.004 -15"><span class='ocrx_word' id='word_1_227' title='bbox 97 3007 158 3068; x_wconf 71' lang='lat' dir='ltr'>VR</span> <span class='ocrx_word' id='word_1_228' title='bbox 182 3022 310 3092; x_wconf 82' lang='lat' dir='ltr'>paeue&#39;ris</span> <span class='ocrx_word' id='word_1_229' title='bbox 327 3021 356 3075; x_wconf 99' lang='lat' dir='ltr'><strong><em>A</em></strong></span> <span class='ocrx_word' id='word_1_230' title='bbox 434 3021 552 3076; x_wconf 85' lang='lat' dir='ltr'>tercium</span> <span class='ocrx_word' id='word_1_231' title='bbox 571 3024 671 3090; x_wconf 87' lang='lat' dir='ltr'>quarto</span> <span class='ocrx_word' id='word_1_232' title='bbox 690 3022 717 3073; x_wconf 91' lang='lat' dir='ltr'><strong><em>A</em></strong></span> <span class='ocrx_word' id='word_1_233' title='bbox 808 3022 912 3088; x_wconf 85' lang='lat' dir='ltr'>‘lquot</span> <span class='ocrx_word' id='word_1_234' title='bbox 930 3035 1031 3088; x_wconf 87' lang='lat' dir='ltr'>genem</span> <span class='ocrx_word' id='word_1_235' title='bbox 1052 3021 1088 3072; x_wconf 83' lang='lat' dir='ltr'>bo</span> <span class='ocrx_word' id='word_1_236' title='bbox 1107 3020 1182 3086; x_wconf 88' lang='lat' dir='ltr'>quod</span> <span class='ocrx_word' id='word_1_237' title='bbox 1201 3036 1247 3087; x_wconf 88' lang='lat' dir='ltr'>ge-</span> 
     </span>
    </p>

    <p class='ocr_par' dir='ltr' id='par_1_12' title="bbox 43 3108 1247 3521">
     <span class='ocr_line' id='line_1_27' title="bbox 74 3108 1247 3180; baseline -0.005 -14"><span class='ocrx_word' id='word_1_238' title='bbox 74 3108 162 3160; x_wconf 72' lang='lat' dir='ltr'>uera</span> <span class='ocrx_word' id='word_1_239' title='bbox 189 3113 269 3166; x_wconf 85' lang='lat' dir='ltr'>PAo</span> <span class='ocrx_word' id='word_1_240' title='bbox 336 3110 536 3180; x_wconf 79' lang='lat' dir='ltr'>8oirculigato</span> <span class='ocrx_word' id='word_1_241' title='bbox 555 3113 582 3165; x_wconf 89' lang='lat' dir='ltr'><strong><em>A</em></strong></span> <span class='ocrx_word' id='word_1_242' title='bbox 651 3111 712 3165; x_wconf 88' lang='lat' dir='ltr'>luto</span> <span class='ocrx_word' id='word_1_243' title='bbox 729 3111 762 3164; x_wconf 79' lang='lat' dir='ltr'>io</span> <span class='ocrx_word' id='word_1_244' title='bbox 779 3126 864 3178; x_wconf 71' lang='lat' dir='ltr'>marg.</span> <span class='ocrx_word' id='word_1_245' title='bbox 884 3110 911 3163; x_wconf 95' lang='lat' dir='ltr'><strong><em>A</em></strong></span> <span class='ocrx_word' id='word_1_246' title='bbox 977 3108 1077 3178; x_wconf 87' lang='lat' dir='ltr'>depsto</span> <span class='ocrx_word' id='word_1_247' title='bbox 1100 3108 1247 3171; x_wconf 81' lang='lat' dir='ltr'>Victorius,</span> 
     </span>
     <span class='ocr_line' id='line_1_28' title="bbox 62 3182 1247 3275; baseline -0.005 -20"><span class='ocrx_word' id='word_1_248' title='bbox 62 3182 231 3275; x_wconf 61' lang='lat' dir='ltr'>§lempse</span> <span class='ocrx_word' id='word_1_249' title='bbox 253 3200 303 3266; x_wconf 79' lang='lat' dir='ltr'>Pf</span> <span class='ocrx_word' id='word_1_250' title='bbox 316 3201 447 3269; x_wconf 81' lang='lat' dir='ltr'>deptosto</span> <span class='ocrx_word' id='word_1_251' title='bbox 466 3200 494 3253; x_wconf 91' lang='lat' dir='ltr'><strong><em>A</em></strong></span> <span class='ocrx_word' id='word_1_252' title='bbox 512 3202 642 3270; x_wconf 88' lang='lat' dir='ltr'>depresto</span> <span class='ocrx_word' id='word_1_253' title='bbox 660 3201 676 3254; x_wconf 86' lang='lat' dir='ltr'><strong><em>b</em></strong></span> <span class='ocrx_word' id='word_1_254' title='bbox 695 3201 809 3270; x_wconf 90' lang='lat' dir='ltr'>dempto</span> <span class='ocrx_word' id='word_1_255' title='bbox 828 3216 842 3253; x_wconf 86' lang='lat' dir='ltr'>e</span> <span class='ocrx_word' id='word_1_256' title='bbox 860 3198 1011 3252; x_wconf 76' lang='lat' dir='ltr'>densatos</span> <span class='ocrx_word' id='word_1_257' title='bbox 1084 3203 1100 3250; x_wconf 84' lang='lat'>9</span> <span class='ocrx_word' id='word_1_258' title='bbox 1119 3213 1156 3251; x_wconf 89' lang='lat' dir='ltr'>ue</span> <span class='ocrx_word' id='word_1_259' title='bbox 1173 3213 1247 3265; x_wconf 81' lang='lat' dir='ltr'>aqua</span> 
     </span>
     <span class='ocr_line' id='line_1_29' title="bbox 54 3277 1245 3358; baseline -0.003 -16"><span class='ocrx_word' id='word_1_260' title='bbox 54 3279 93 3323; x_wconf 80' lang='lat'>¹¹¹</span> <span class='ocrx_word' id='word_1_261' title='bbox 127 3277 219 3355; x_wconf 74' lang='lat' dir='ltr'>Vbs</span> <span class='ocrx_word' id='word_1_262' title='bbox 233 3305 268 3342; x_wconf 90' lang='lat' dir='ltr'>ue</span> <span class='ocrx_word' id='word_1_263' title='bbox 287 3305 389 3358; x_wconf 85' lang='lat' dir='ltr'>aquam</span> <span class='ocrx_word' id='word_1_264' title='bbox 408 3289 437 3342; x_wconf 92' lang='lat' dir='ltr'>iu</span> <span class='ocrx_word' id='word_1_265' title='bbox 451 3291 479 3342; x_wconf 86' lang='lat' dir='ltr'><strong><em>A</em></strong></span> <span class='ocrx_word' id='word_1_266' title='bbox 498 3307 532 3344; x_wconf 90' lang='lat' dir='ltr'>ne</span> <span class='ocrx_word' id='word_1_267' title='bbox 552 3292 625 3358; x_wconf 74' lang='lat' dir='ltr'>aqua</span> <span class='ocrx_word' id='word_1_268' title='bbox 642 3305 678 3342; x_wconf 89' lang='lat' dir='ltr'>ne</span> <span class='ocrx_word' id='word_1_269' title='bbox 697 3304 711 3342; x_wconf 91' lang='lat' dir='ltr'>c</span> <span class='ocrx_word' id='word_1_270' title='bbox 785 3294 817 3342; x_wconf 90' lang='lat'>10</span> <span class='ocrx_word' id='word_1_271' title='bbox 835 3287 938 3341; x_wconf 86' lang='lat' dir='ltr'>librum</span> <span class='ocrx_word' id='word_1_272' title='bbox 952 3288 1103 3355; x_wconf 79' lang='lat' dir='ltr'>posteriore</span> <span class='ocrx_word' id='word_1_273' title='bbox 1121 3287 1178 3340; x_wconf 84' lang='lat' dir='ltr'>loco</span> <span class='ocrx_word' id='word_1_274' title='bbox 1196 3302 1245 3340; x_wconf 84' lang='lat' dir='ltr'>om.</span> 
     </span>
     <span class='ocr_line' id='line_1_30' title="bbox 49 3350 1246 3502; baseline -0.003 -70"><span class='ocrx_word' id='word_1_275' title='bbox 49 3350 224 3502; x_wconf 66' lang='lat' dir='ltr'>b²llibro</span> <span class='ocrx_word' id='word_1_276' title='bbox 242 3377 362 3447; x_wconf 83' lang='lat' dir='ltr'>alligato</span> <span class='ocrx_word' id='word_1_277' title='bbox 378 3377 532 3432; x_wconf 71' lang='lat' dir='ltr'>Pontedera</span> <span class='ocrx_word' id='word_1_278' title='bbox 545 3395 576 3446; x_wconf 78' lang='lat' dir='ltr'>p.</span> <span class='ocrx_word' id='word_1_279' title='bbox 592 3381 628 3431; x_wconf 88' lang='lat'>53</span> <span class='ocrx_word' id='word_1_280' title='bbox 701 3382 732 3430; x_wconf 93' lang='lat'>11</span> <span class='ocrx_word' id='word_1_281' title='bbox 752 3376 832 3445; x_wconf 86' lang='lat' dir='ltr'>gelus</span> <span class='ocrx_word' id='word_1_282' title='bbox 848 3375 940 3430; x_wconf 91' lang='lat' dir='ltr'>PAR</span> <span class='ocrx_word' id='word_1_283' title='bbox 957 3380 982 3429; x_wconf 84' lang='lat' dir='ltr'>et</span> <span class='ocrx_word' id='word_1_284' title='bbox 1000 3376 1103 3430; x_wconf 76' lang='lat' dir='ltr'>codices</span> <span class='ocrx_word' id='word_1_285' title='bbox 1122 3374 1246 3440; x_wconf 80' lang='lat' dir='ltr'>Victorii,</span> 
     </span>
     <span class='ocr_line' id='line_1_31' title="bbox 43 3457 1125 3521; baseline 0.007 -14"><span class='ocrx_word' id='word_1_286' title='bbox 43 3457 94 3507; x_wconf 72' lang='lat' dir='ltr'>ge</span> <span class='ocrx_word' id='word_1_287' title='bbox 117 3473 151 3512; x_wconf 86' lang='lat' dir='ltr'><strong>u</strong></span> <span class='ocrx_word' id='word_1_288' title='bbox 186 3485 202 3521; x_wconf 82' lang='lat' dir='ltr'><strong><em>v</em></strong></span> <span class='ocrx_word' id='word_1_289' title='bbox 942 3507 944 3511; x_wconf 20' lang='grc' dir='ltr'><em>Α</em></span> <span class='ocrx_word' id='word_1_290' title='bbox 1119 3487 1125 3496; x_wconf 67' lang='lat'><em>&#39;</em></span> 
     </span>
    </p>

    <p class='ocr_par' dir='ltr' id='par_1_13' title="bbox 42 3551 1247 3890">
     <span class='ocr_line' id='line_1_32' title="bbox 164 3551 1245 3621; baseline -0.004 -13"><span class='ocrx_word' id='word_1_291' title='bbox 164 3560 208 3610; x_wconf 79' lang='lat'>12</span> <span class='ocrx_word' id='word_1_292' title='bbox 226 3555 260 3611; x_wconf 86' lang='lat' dir='ltr'>R.</span> <span class='ocrx_word' id='word_1_293' title='bbox 279 3555 395 3609; x_wconf 84' lang='lat' dir='ltr'><strong>XLVIII</strong></span> <span class='ocrx_word' id='word_1_294' title='bbox 413 3554 486 3610; x_wconf 84' lang='lat' dir='ltr'>Vitis</span> <span class='ocrx_word' id='word_1_295' title='bbox 505 3553 600 3609; x_wconf 77' lang='lat' dir='ltr'>insitio</span> <span class='ocrx_word' id='word_1_296' title='bbox 619 3552 795 3621; x_wconf 83' lang='lat' dir='ltr'>aliarumque</span> <span class='ocrx_word' id='word_1_297' title='bbox 813 3570 905 3607; x_wconf 89' lang='lat' dir='ltr'>rerum</span> <span class='ocrx_word' id='word_1_298' title='bbox 924 3553 952 3606; x_wconf 92' lang='lat' dir='ltr'><strong><em>A</em></strong></span> <span class='ocrx_word' id='word_1_299' title='bbox 975 3552 1073 3606; x_wconf 89' lang='lat' dir='ltr'>Insitio</span> <span class='ocrx_word' id='word_1_300' title='bbox 1091 3552 1158 3606; x_wconf 89' lang='lat' dir='ltr'>uitis</span> <span class='ocrx_word' id='word_1_301' title='bbox 1177 3551 1245 3605; x_wconf 83' lang='lat' dir='ltr'>elia·</span> 
     </span>
     <span class='ocr_line' id='line_1_33' title="bbox 42 3632 1246 3712; baseline -0.007 -13"><span class='ocrx_word' id='word_1_302' title='bbox 42 3632 221 3710; x_wconf 72' lang='lat' dir='ltr'>runaque</span> <span class='ocrx_word' id='word_1_303' title='bbox 240 3661 333 3698; x_wconf 87' lang='lat' dir='ltr'>rerum</span> <span class='ocrx_word' id='word_1_304' title='bbox 347 3643 393 3698; x_wconf 85' lang='lat' dir='ltr'>Pb</span> <span class='ocrx_word' id='word_1_305' title='bbox 413 3642 485 3697; x_wconf 87' lang='lat' dir='ltr'>Vitis</span> <span class='ocrx_word' id='word_1_306' title='bbox 503 3641 599 3697; x_wconf 90' lang='lat' dir='ltr'>insiti0</span> <span class='ocrx_word' id='word_1_307' title='bbox 619 3644 648 3696; x_wconf 91' lang='lat' dir='ltr'>et</span> <span class='ocrx_word' id='word_1_308' title='bbox 667 3642 791 3712; x_wconf 89' lang='lat' dir='ltr'>pirorum</span> <span class='ocrx_word' id='word_1_309' title='bbox 810 3644 840 3696; x_wconf 89' lang='lat' dir='ltr'>et</span> <span class='ocrx_word' id='word_1_310' title='bbox 857 3640 995 3696; x_wconf 85' lang='lat' dir='ltr'>malorum</span> <span class='ocrx_word' id='word_1_311' title='bbox 1010 3640 1086 3710; x_wconf 79' lang='lat' dir='ltr'>quali</span> <span class='ocrx_word' id='word_1_312' title='bbox 1099 3640 1182 3694; x_wconf 89' lang='lat' dir='ltr'>modo</span> <span class='ocrx_word' id='word_1_313' title='bbox 1197 3640 1246 3692; x_wconf 84' lang='lat' dir='ltr'>dut</span> 
     </span>
     <span class='ocr_line' id='line_1_34' title="bbox 42 3718 1247 3808; baseline -0.005 -22"><span class='ocrx_word' id='word_1_314' title='bbox 42 3718 89 3808; x_wconf 43' lang='lat'>&#39;⁰-</span> <span class='ocrx_word' id='word_1_315' title='bbox 194 3739 225 3788; x_wconf 79' lang='lat'>13</span> <span class='ocrx_word' id='word_1_316' title='bbox 244 3733 361 3802; x_wconf 83' lang='lat' dir='ltr'>optume</span> <span class='ocrx_word' id='word_1_317' title='bbox 381 3733 438 3785; x_wconf 89' lang='lat' dir='ltr'>PA</span> <span class='ocrx_word' id='word_1_318' title='bbox 466 3731 574 3801; x_wconf 83' lang='lat' dir='ltr'>optima</span> <span class='ocrx_word' id='word_1_319' title='bbox 591 3731 639 3785; x_wconf 86' lang='lat' dir='ltr'>Ro</span> <span class='ocrx_word' id='word_1_320' title='bbox 729 3729 865 3800; x_wconf 88' lang='lat' dir='ltr'>pirorum]</span> <span class='ocrx_word' id='word_1_321' title='bbox 889 3730 973 3785; x_wconf 89' lang='lat' dir='ltr'>inseri</span> <span class='ocrx_word' id='word_1_322' title='bbox 996 3733 1090 3784; x_wconf 85' lang='lat' dir='ltr'>autem</span> <span class='ocrx_word' id='word_1_323' title='bbox 1108 3728 1247 3799; x_wconf 81' lang='lat' dir='ltr'>praecipit</span> 
     </span>
     <span class='ocr_line' id='line_1_35' title="bbox 49 3811 1245 3890; baseline -0.005 -14"><span class='ocrx_word' id='word_1_324' title='bbox 49 3811 147 3864; x_wconf 53' lang='lat' dir='ltr'>1³¹OE</span> <span class='ocrx_word' id='word_1_325' title='bbox 189 3838 222 3877; x_wconf 79' lang='lat' dir='ltr'>oo</span> <span class='ocrx_word' id='word_1_326' title='bbox 244 3822 322 3876; x_wconf 79' lang='lat' dir='ltr'>mala</span> <span class='ocrx_word' id='word_1_327' title='bbox 344 3837 395 3890; x_wconf 88' lang='lat' dir='ltr'>per</span> <span class='ocrx_word' id='word_1_328' title='bbox 412 3835 461 3875; x_wconf 90' lang='lat' dir='ltr'>ver</span> <span class='ocrx_word' id='word_1_329' title='bbox 480 3821 510 3874; x_wconf 87' lang='lat' dir='ltr'>et</span> <span class='ocrx_word' id='word_1_330' title='bbox 532 3823 597 3890; x_wconf 88' lang='lat' dir='ltr'>post</span> <span class='ocrx_word' id='word_1_331' title='bbox 616 3820 767 3874; x_wconf 75' lang='lat' dir='ltr'>solstitium</span> <span class='ocrx_word' id='word_1_332' title='bbox 791 3819 888 3873; x_wconf 89' lang='lat' dir='ltr'>diebus</span> <span class='ocrx_word' id='word_1_333' title='bbox 907 3818 929 3870; x_wconf 81' lang='lat' dir='ltr'>L</span> <span class='ocrx_word' id='word_1_334' title='bbox 948 3822 977 3872; x_wconf 93' lang='lat' dir='ltr'>et</span> <span class='ocrx_word' id='word_1_335' title='bbox 994 3821 1059 3889; x_wconf 85' lang='lat' dir='ltr'>post</span> <span class='ocrx_word' id='word_1_336' title='bbox 1076 3818 1245 3873; x_wconf 84' lang='lat' dir='ltr'>vindemiam</span> 
     </span>
    </p>

    <p class='ocr_par' dir='ltr' id='par_1_14' title="bbox 61 3881 1245 4498">
     <span class='ocr_line' id='line_1_36' title="bbox 61 3881 1245 3979; baseline -0.008 -10"><span class='ocrx_word' id='word_1_337' title='bbox 61 3881 219 3969; x_wconf 55' lang='lat' dir='ltr'>Pham-,w</span> <span class='ocrx_word' id='word_1_338' title='bbox 235 3913 364 3979; x_wconf 71' lang='lat'>17,112·</span> <span class='ocrx_word' id='word_1_339' title='bbox 446 3907 570 3978; x_wconf 86' lang='lat' dir='ltr'>pirorum</span> <span class='ocrx_word' id='word_1_340' title='bbox 589 3925 622 3962; x_wconf 86' lang='lat' dir='ltr'>ao</span> <span class='ocrx_word' id='word_1_341' title='bbox 640 3910 777 3963; x_wconf 88' lang='lat' dir='ltr'>malorum</span> <span class='ocrx_word' id='word_1_342' title='bbox 795 3908 855 3961; x_wconf 88' lang='lat' dir='ltr'>AR</span> <span class='ocrx_word' id='word_1_343' title='bbox 867 3907 945 3974; x_wconf 69' lang='lat' dir='ltr'>Viae,</span> <span class='ocrx_word' id='word_1_344' title='bbox 968 3908 1092 3976; x_wconf 86' lang='lat' dir='ltr'>pirorum</span> <span class='ocrx_word' id='word_1_345' title='bbox 1111 3909 1140 3960; x_wconf 91' lang='lat' dir='ltr'>et</span> <span class='ocrx_word' id='word_1_346' title='bbox 1158 3907 1245 3960; x_wconf 81' lang='lat' dir='ltr'>malo-</span> 
     </span>
     <span class='ocr_line' id='line_1_37' title="bbox 64 3989 1245 4068; baseline -0.007 -14"><span class='ocrx_word' id='word_1_347' title='bbox 64 3989 153 4040; x_wconf 51' lang='grc' dir='ltr'>ΝΠ)</span> <span class='ocrx_word' id='word_1_348' title='bbox 189 3998 216 4052; x_wconf 88' lang='lat' dir='ltr'><strong><em>V</em></strong></span> <span class='ocrx_word' id='word_1_349' title='bbox 303 4004 337 4053; x_wconf 78' lang='lat'>17</span> <span class='ocrx_word' id='word_1_350' title='bbox 356 4014 419 4051; x_wconf 91' lang='lat' dir='ltr'>cum</span> <span class='ocrx_word' id='word_1_351' title='bbox 442 3997 565 4051; x_wconf 78' lang='lat' dir='ltr'>medulla</span> <span class='ocrx_word' id='word_1_352' title='bbox 589 3996 749 4068; x_wconf 87' lang='lat' dir='ltr'>componito</span> <span class='ocrx_word' id='word_1_353' title='bbox 773 3996 828 4049; x_wconf 89' lang='lat' dir='ltr'>VR</span> <span class='ocrx_word' id='word_1_354' title='bbox 856 4012 917 4049; x_wconf 88' lang='lat' dir='ltr'>oum</span> <span class='ocrx_word' id='word_1_355' title='bbox 941 3994 1094 4048; x_wconf 84' lang='lat' dir='ltr'>medullam</span> <span class='ocrx_word' id='word_1_356' title='bbox 1113 3993 1245 4062; x_wconf 77' lang='lat' dir='ltr'>eupouito</span> 
     </span>
     <span class='ocr_line' id='line_1_38' title="bbox 78 4063 1244 4158; baseline -0.009 -14"><span class='ocrx_word' id='word_1_357' title='bbox 78 4063 113 4116; x_wconf 66' lang='grc' dir='ltr'><strong><em>Δ</em></strong></span> <span class='ocrx_word' id='word_1_358' title='bbox 204 4089 226 4143; x_wconf 89' lang='lat' dir='ltr'>si</span> <span class='ocrx_word' id='word_1_359' title='bbox 243 4087 324 4158; x_wconf 86' lang='lat' dir='ltr'>vitis]</span> <span class='ocrx_word' id='word_1_360' title='bbox 344 4086 367 4142; x_wconf 92' lang='lat' dir='ltr'>si</span> <span class='ocrx_word' id='word_1_361' title='bbox 385 4087 459 4141; x_wconf 88' lang='lat' dir='ltr'>iuter</span> <span class='ocrx_word' id='word_1_362' title='bbox 478 4103 507 4140; x_wconf 88' lang='lat' dir='ltr'>se</span> <span class='ocrx_word' id='word_1_363' title='bbox 526 4085 598 4141; x_wconf 87' lang='lat' dir='ltr'>vites</span> <span class='ocrx_word' id='word_1_364' title='bbox 618 4087 790 4156; x_wconf 83' lang='lat' dir='ltr'>contingunt,</span> <span class='ocrx_word' id='word_1_365' title='bbox 808 4083 953 4152; x_wconf 87' lang='lat' dir='ltr'>utriusque</span> <span class='ocrx_word' id='word_1_366' title='bbox 972 4082 1001 4136; x_wconf 90' lang='lat' dir='ltr'>iu</span> <span class='ocrx_word' id='word_1_367' title='bbox 1017 4082 1138 4135; x_wconf 84' lang='lat' dir='ltr'>oblicum</span> <span class='ocrx_word' id='word_1_368' title='bbox 1157 4081 1244 4134; x_wconf 82' lang='lat' dir='ltr'>latere</span> 
     </span>
     <span class='ocr_line' id='line_1_39' title="bbox 89 4164 1244 4244; baseline -0.011 -9"><span class='ocrx_word' id='word_1_369' title='bbox 89 4164 242 4234; x_wconf 58' lang='lat' dir='ltr'>conlrestio</span> <span class='ocrx_word' id='word_1_370' title='bbox 266 4176 365 4230; x_wconf 83' lang='lat' dir='ltr'>adraso</span> <span class='ocrx_word' id='word_1_371' title='bbox 387 4175 490 4230; x_wconf 87' lang='lat' dir='ltr'>iunctis</span> <span class='ocrx_word' id='word_1_372' title='bbox 515 4173 646 4229; x_wconf 88' lang='lat' dir='ltr'>medullis</span> <span class='ocrx_word' id='word_1_373' title='bbox 665 4173 800 4244; x_wconf 79' lang='lat' dir='ltr'>conligari</span> <span class='ocrx_word' id='word_1_374' title='bbox 825 4171 941 4225; x_wconf 80' lang='lat' dir='ltr'>Pliua&#39;uo</span> <span class='ocrx_word' id='word_1_375' title='bbox 1031 4175 1064 4223; x_wconf 83' lang='lat'>18</span> <span class='ocrx_word' id='word_1_376' title='bbox 1082 4168 1244 4238; x_wconf 83' lang='lat' dir='ltr'>praeecuito</span> 
     </span>
     <span class='ocr_line' id='line_1_40' title="bbox 103 4237 1244 4334; baseline -0.007 -14"><span class='ocrx_word' id='word_1_377' title='bbox 103 4237 262 4333; x_wconf 54' lang='lat' dir='ltr'>lidorius,</span> <span class='ocrx_word' id='word_1_378' title='bbox 289 4264 433 4334; x_wconf 82' lang='lat' dir='ltr'>prooouito</span> <span class='ocrx_word' id='word_1_379' title='bbox 454 4262 548 4317; x_wconf 87' lang='lat' dir='ltr'>PAR</span> <span class='ocrx_word' id='word_1_380' title='bbox 579 4266 767 4332; x_wconf 85' lang='lat' dir='ltr'>praeacutoo</span> <span class='ocrx_word' id='word_1_381' title='bbox 838 4259 954 4328; x_wconf 89' lang='lat' dir='ltr'>obliquo</span> <span class='ocrx_word' id='word_1_382' title='bbox 973 4258 1065 4313; x_wconf 86' lang='lat' dir='ltr'>PAR</span> <span class='ocrx_word' id='word_1_383' title='bbox 1097 4258 1244 4326; x_wconf 82' lang='lat' dir='ltr'>obliquae</span> 
     </span>
     <span class='ocr_line' id='line_1_41' title="bbox 177 4344 1244 4419; baseline -0.006 -14"><span class='ocrx_word' id='word_1_384' title='bbox 177 4356 210 4408; x_wconf 84' lang='lat'>19</span> <span class='ocrx_word' id='word_1_385' title='bbox 228 4353 371 4408; x_wconf 84' lang='lat' dir='ltr'>medulam</span> <span class='ocrx_word' id='word_1_386' title='bbox 388 4353 416 4406; x_wconf 92' lang='lat' dir='ltr'><strong><em>A</em></strong></span> <span class='ocrx_word' id='word_1_387' title='bbox 489 4369 552 4405; x_wconf 89' lang='lat' dir='ltr'>oum</span> <span class='ocrx_word' id='word_1_388' title='bbox 570 4351 695 4406; x_wconf 86' lang='lat' dir='ltr'>medulla</span> <span class='ocrx_word' id='word_1_389' title='bbox 712 4362 844 4419; x_wconf 73' lang='lat' dir='ltr'>superem.</span> <span class='ocrx_word' id='word_1_390' title='bbox 863 4349 891 4402; x_wconf 92' lang='lat' dir='ltr'><strong><em>A</em></strong></span> <span class='ocrx_word' id='word_1_391' title='bbox 963 4348 1104 4418; x_wconf 85' lang='lat' dir='ltr'>conliguto</span> <span class='ocrx_word' id='word_1_392' title='bbox 1119 4348 1146 4400; x_wconf 89' lang='lat' dir='ltr'><strong><em>A</em></strong></span> <span class='ocrx_word' id='word_1_393' title='bbox 1166 4344 1244 4401; x_wconf 91' lang='lat' dir='ltr'>colli-</span> 
     </span>
     <span class='ocr_line' id='line_1_42' title="bbox 122 4428 461 4498; baseline 0.003 -5"><span class='ocrx_word' id='word_1_394' title='bbox 122 4428 172 4493; x_wconf 59' lang='lat' dir='ltr'>Plo</span> <span class='ocrx_word' id='word_1_395' title='bbox 197 4442 259 4498; x_wconf 84' lang='lat' dir='ltr'>Vte</span> <span class='ocrx_word' id='word_1_396' title='bbox 329 4440 417 4496; x_wconf 83' lang='lat' dir='ltr'>tercia</span> <span class='ocrx_word' id='word_1_397' title='bbox 434 4442 461 4494; x_wconf 89' lang='lat' dir='ltr'><strong><em>A</em></strong></span> 
     </span>
    </p>
   </div>
   <div class='ocr_carea' id='block_1_7' title="bbox 0 0 1504 5026">
    <p class='ocr_par' dir='ltr' id='par_1_15' title="bbox 0 0 1504 5026">
     <span class='ocr_line' id='line_1_43' title="bbox 0 0 1504 5026; baseline 0 3"><span class='ocrx_word' id='word_1_398' title='bbox 0 0 1504 5026; x_wconf 95' lang='lat' dir='ltr'> </span> 
     </span>
    </p>
   </div>
  </div>
 </body>
</html>
