3000 5026
163 339 229 402 290
654 336 838 392 VARRONIS
900 358 905 365 ·

164 513 193 564 et
223 503 414 582 chalcidicus,
447 505 499 582 qui
527 506 590 563 sine
618 503 709 564 dubio
738 511 808 564 sunt
835 502 953 581 pulchri
980 511 1010 563 et
1038 502 1073 563 ad
1101 500 1308 581 proeliandum

163 612 242 670 inter
271 629 302 670 ss
330 612 455 671 maxime
483 611 595 692 idonei,
624 611 675 670 sed
706 610 742 669 ad
766 619 869 688 partus
894 617 964 670 sunt
987 609 1160 670 steriliores,
1206 611 1241 679 si
1256 608 1310 669 du-

165 726 268 796 centos
289 718 367 791 aiere
387 717 468 814 velis,
492 716 576 795 locus
596 725 714 801 saeptus
733 716 956 798 adtrilmendus,
979 719 1011 777 in
1030 736 1088 797 quo
1107 717 1183 777 duae
1203 735 1310 777 caveae

164 827 339 886 coniunctae
373 834 493 902 magnae
523 824 760 904 constituendae,
793 843 868 904 quae
897 833 1033 904 spectent
1060 824 1095 884 ad
1124 825 1310 884 exorientem

163 950 276 1014 versus,
300 941 443 1010 utraeque
465 933 496 991 in
515 931 729 1010 longitudinem
749 934 870 992 circiter
889 932 991 992 decem
1010 932 1128 1013 pedum,
1152 932 1311 992 latitudine
1339 939 1352 978 ⁵

164 1039 286 1099 dimidio
313 1041 456 1118 minores,
482 1037 583 1117 [quam
607 1037 652 1116 in]
676 1037 830 1099 altitudine
855 1037 941 1118 paulo
965 1038 1153 1100 humiliores:
1182 1047 1311 1118 utraque

164 1146 294 1206 fenestra
315 1145 372 1206 lata
391 1144 528 1223 tripedali
547 1151 577 1204 et
596 1162 630 1203 eo
650 1143 725 1223 pede
744 1143 872 1224 altiores
896 1163 911 1204 e
931 1142 1090 1204 viminibus
1110 1144 1204 1205 iactae
1224 1146 1312 1219 raris

163 1254 204 1313 ita
237 1260 270 1313 ut
302 1252 403 1312 lumen
430 1249 592 1330 praebeant
620 1250 760 1331 multum,
792 1269 889 1330 neque
917 1270 971 1330 per
1000 1270 1049 1312 eas
1077 1253 1236 1332 quicquam
1265 1254 1324 1312 ire.

139 1361 248 1420 lintro
276 1360 384 1438 possit,
413 1377 487 1437 quae
511 1376 618 1418 nocere
643 1357 738 1418 solent
761 1356 885 1435 gallinis.
930 1361 1010 1420 inter
1033 1359 1105 1419 duas
1129 1362 1238 1420 ostium
1264 1361 1314 1440 sit,

164 1487 222 1546 qua
254 1466 438 1546 gallinarius,
471 1474 592 1526 curator
624 1482 739 1543 earum,
771 1467 815 1524 ire
847 1466 949 1543 possit.
1000 1467 1031 1525 in
1060 1469 1157 1526 caveis
1186 1465 1312 1526 crebrae
1327 1474 1354 1512 1⁰

163 1576 294 1653 perticae
314 1575 454 1634 traiectae
474 1574 542 1651 sint,
566 1582 599 1632 nt
618 1589 721 1632 omnes
740 1574 888 1632 sustinere
908 1573 1023 1650 possint
1041 1571 1173 1652 gallinas.
1207 1581 1313 1632 contra

165 1679 294 1758 singulas
318 1682 446 1758 perticas
470 1682 499 1738 in
524 1680 636 1756 pariete
661 1678 780 1739 exclusa
804 1681 864 1739 sint
886 1679 995 1740 cubilia
1019 1698 1130 1742 earum.
1171 1686 1241 1740 aute
1264 1682 1314 1759 sit,

165 1798 198 1848 ut
222 1787 291 1866 dixi,
316 1785 494 1846 vestibulum
518 1793 662 1865 saeptum,
685 1788 716 1845 in
741 1805 799 1864 quo
824 1787 931 1847 diurno
955 1796 1089 1866 tempore
1109 1806 1175 1847 esse
1194 1788 1315 1866 possint

165 1903 253 1972 atque
286 1895 316 1952 in
348 1892 468 1972 pulvere
497 1892 632 1953 volutari.
677 1899 832 1971 praeterea
861 1895 900 1953 sit
927 1893 999 1954 cella
1027 1894 1162 1975 grandis,
1195 1897 1225 1954 in
1254 1914 1313 1974 qua

165 2009 285 2062 curator
315 2000 440 2080 habitet,
473 2002 514 2059 ita
547 2007 580 2059 ut
612 2002 643 2059 in
676 1999 839 2078 parietibus
872 2003 985 2061 circum
1010 2003 1107 2061 omnia
1135 2001 1222 2079 plena
1252 2003 1356 2062 sint15

165 2107 272 2168 cubilia
296 2106 471 2185 gallinarum
495 2114 546 2165 aut
570 2106 705 2185 exculpta
730 2115 780 2167 aut
804 2107 909 2167 adficta
933 2091 1065 2168 tirmiter.
1103 2116 1203 2169 motus
1222 2111 1314 2190 enim,

139 2213 237 2276 8cum
267 2214 401 2295 incubat,
434 2219 530 2272 nocet.
580 2215 610 2272 in
639 2212 800 2294 cubilibus,
833 2232 901 2275 cum
929 2217 1108 2293 parturient,
1141 2234 1212 2276 acus
1242 2215 1314 2277 sub-

165 2321 372 2400 sternendun13
400 2337 468 2378 cum
491 2329 685 2400 pepererunt,
715 2320 819 2380 tollere
843 2320 1031 2381 substramen
1055 2329 1085 2382 et.
1108 2340 1214 2383 recens
1239 2322 1316 2383 aliut

166 2427 311 2505 subicere,
336 2425 413 2504 quod
438 2423 552 2503 pulices
576 2435 605 2485 et
628 2435 727 2486 cetera
750 2430 832 2487 nasci
856 2426 959 2508 solent,
984 2446 1058 2507 quae
1083 2427 1218 2506 gallinam
1243 2448 1314 2489 cou-

165 2536 321 2612 quiescere
354 2548 412 2589 non
446 2532 613 2611 patiuntur3
646 2531 683 2592 ob
717 2551 804 2612 quam
832 2552 896 2597 rem
924 2554 976 2594 ova
1005 2543 1056 2595 aut
1084 2536 1315 2614 inaequabiliter
1330 2551 1359 2591 ro

159 2646 369 2714 ⁴maturescunt
397 2646 450 2697 aut
476 2648 702 2701 consenescunt.
749 2659 824 2729 quae
852 2642 924 2726 veri-is
947 2643 1082 2727 incubet,
1111 2653 1220 2722 negant
1245 2645 1315 2724 plus

165 2761 236 2836 xxv
256 2754 393 2834 opor-tere
413 2764 466 2835 oua
480 2744 631 2828 incubare,
650 2749 783 2826 quamvis
797 2728 920 2826 propter
934 2748 1144 2809 fecunditatem
1159 2754 1317 2829 pepererit

238 2907 270 2954 17
290 2899 542 2968 amputationi,
565 2916 631 2954 acus
651 2901 883 2956 substernendum
904 2901 1043 2957 Priscian.
1063 2903 1080 2957 l.
1105 2901 1172 2972 Vp.
1191 2909 1259 2973 162,
1279 2911 1318 2963 17

236 2997 269 3043 21
289 3007 361 3058 quae
381 2989 451 3043 velie
470 2989 584 3045 incubet
604 2991 681 3044 Pliu.
701 2995 750 3058 10,
770 2995 823 3045 150

246 3100 442 3201 rpulenri⁸bd
465 3132 492 3185 A
569 3131 763 3201 praeliandum
786 3133 842 3186 VB
865 3133 1041 3202 preliandum
1060 3135 1087 3188 A
1159 3139 1316 3204 ipericius

165 3239 233 3277 corr.
262 3224 358 3291 partus
386 3221 414 3275 A
495 3221 628 3275 ducentae
657 3222 804 3286 Iucuudus
880 3229 896 3276 3
925 3225 1019 3292 septus
1050 3223 1077 3276 V
1150 3224 1316 3281 adtribuen-

165 3328 216 3380 dus
244 3327 302 3381 PA
325 3328 520 3383 attribuendus
540 3329 588 3382 Bu
673 3305 788 3381 caue⁸A
875 3330 948 3401 bin
970 3328 1176 3398 longitudinem
1199 3331 1256 3387 VB
1284 3333 1317 3389 in

164 3415 340 3484 longitudine
364 3419 422 3491 Aru
512 3417 609 3469 decem
637 3417 739 3485 pedum
764 3415 852 3471 PAR
872 3417 896 3469 X
918 3417 1039 3484 pedeso
1129 3427 1145 3474 6
1174 3437 1262 3490 quam
1285 3424 1317 3477 in

165 3507 255 3559 orauit
278 3506 423 3561 Iucundos
513 3511 529 3557 9
553 3505 677 3559 hostium
696 3506 724 3559 B
815 3512 845 3558 11
871 3506 1007 3559 sustinere
1030 3505 1085 3561 VA
1109 3509 1268 3566 substinere
1288 3513 1316 3565 B

256 3600 287 3646 12
317 3593 428 3647 exclusa
456 3592 513 3645 sini
542 3593 569 3644 P
595 3595 706 3648 exclusa
736 3598 801 3648 suni
828 3595 855 3648 A
885 3594 1011 3664 exclusas
1043 3598 1099 3652 sini
1124 3598 1152 3651 B
1180 3601 1317 3671 exculpto

166 3684 222 3737 nint
240 3701 263 3735 u.
303 3681 345 3733 ‘In
365 3681 472 3749 pariete
491 3678 623 3749 exculpta
637 3681 692 3736 sint
706 3683 809 3737 cubilia
824 3698 926 3740 earum.
959 3685 1025 3740 Duo
1040 3687 1213 3756 loquuturus
1227 3707 1317 3746 uranu

165 3772 276 3840 scriptis
299 3770 449 3837 codicibus,
473 3786 541 3838 quae
563 3787 620 3824 uou
642 3773 736 3840 recepi.
775 3772 894 3825 Exclusa
913 3775 984 3827 cuim
1002 3775 1059 3842 bic,
1082 3791 1140 3830 uon
1158 3776 1315 3849 Eaculptu,

165 3859 265 3912 habeut
280 3879 286 3909 ε
301 3874 350 3910 uec
367 3860 452 3912 multo
466 3865 539 3927 post,
558 3861 607 3913 ubi
622 3864 723 3928 eccum,
742 3860 839 3915 Posita
853 3862 910 3916 sint
924 3863 1036 3934 cubilia,
1056 3866 1087 3918 iu
1101 3866 1206 3934 iisdem,
1227 3867 1315 3924 Plena

166 3947 222 4001 sint
241 3947 305 4000 etc?
332 3947 469 4002 Victorius
523 3950 588 4002 ante
608 3951 644 4003 sit
659 3949 717 4002 PB
737 3953 802 4005 ante
820 3967 850 4003 se
863 3952 891 4004 A
910 3954 960 4006 aut
978 3952 1048 4008 sito
1105 3962 1137 4010 13
1158 3958 1273 4025 septum
1291 3957 1317 4011 V

221 4097 254 4143 14
272 4092 301 4145 in
320 4093 386 4163 que]
405 4092 434 4145 in
453 4093 552 4160 qqu
606 4098 639 4146 16
658 4092 761 4146 adficta
777 4093 804 4144 P
822 4093 978 4149 affictch
997 4096 1122 4152 eficiaA
1178 4059 1309 4156 eniniuilb·

166 4180 283 4233 eubabA
321 4187 352 4232 17
363 4180 595 4235 substernendum
605 4199 621 4236 o
633 4182 796 4235 Priscianus
807 4184 823 4235 l.
833 4182 887 4252 Vp.
895 4188 1008 4252 162,17,
1017 4186 1224 4242 substernenda
1231 4186 1308 4245 PAB

238 4274 271 4322 18
291 4271 319 4321 et
336 4284 432 4321 recens
450 4272 662 4339 superscriptum
681 4272 713 4324 c'u
726 4271 754 4323 A
826 4270 897 4327 aliut
913 4272 941 4325 P
957 4274 1034 4328 aliud
1048 4274 1129 4330 ABo
1206 4285 1243 4334 19
1257 4295 1313 4335 euc-

166 4358 226 4409 tera
250 4355 276 4406 V
363 4362 396 4408 21
421 4360 470 4412 oui
492 4361 693 4414 consenescunt
710 4361 923 4429 superscriptum
942 4364 974 4417 iu
992 4363 1020 4417 A
1109 4371 1143 4419 22
1168 4365 1316 4423 foecundi-

166 4445 256 4498 tatem
274 4444 300 4497 V
366 4445 508 4515 pepererit
525 4447 572 4501 Bu
591 4448 701 4519 peperit
720 4449 777 4502 PA
