3000 5026
411 333 540 386 RERVM
559 331 794 388 Rusuccuru
812 333 880 387 LlB.
899 335 911 388 l
932 335 949 388 2
1196 333 1260 398 125

113 502 170 560 3113
194 498 283 579 ltalia,
307 505 341 557 ut
363 505 424 556 tota
448 501 614 576 pomarium
632 497 788 560 videatur?
833 519 870 560 33
889 499 1016 578 Phrygia
1035 502 1127 578 magis
1145 500 1284 562 vitibus?

113 615 268 686 cooperta,
296 623 384 684 quam
408 603 555 664 Homerus
582 605 710 684 appellat
732 600 948 684 ἀμπελόεσσαν,
977 625 1065 685 quiam
1088 604 1182 668 haec?
1209 615 1269 676 331,

112 716 216 793 Argos,
240 712 319 791 quod
342 709 423 770 idem
445 718 532 790 poeta
551 707 744 791 uotduopou?
783 714 814 772 13
833 731 890 790 qua
910 721 990 773 terra
1008 715 1145 791 iugerum
1165 731 1258 774 unum

113 821 209 881 denos
237 827 267 879 31
290 819 397 897 quinos
421 816 514 877 denos
538 818 649 879 culleos
673 819 730 878 fert
754 821 826 900 vini,
855 820 932 898 quod
958 819 1100 899 quaedam
1124 821 1155 879 13
1178 819 1259 880 113113

86 921 281 1005 5333133331
325 943 363 983 33
391 942 450 983 333
474 923 510 984 M.
535 925 606 985 Cato
635 924 740 986 scribit
767 928 797 985 in
821 925 897 987 libro
921 926 1076 1005 Originum
1101 928 1156 1006 sic,
1180 921 1262 1004 ‘ager

111 1033 243 1095 Gallicus
273 1032 423 1093 Romanus
451 1031 667 1111 vocatur,'qui
695 1035 804 1093 viritim
834 1036 876 1093 cis
905 1034 1071 1093 Ariminum
1100 1033 1186 1093 datus
1215 1041 1261 1093 est

109 1141 190 1201 ultra
221 1157 326 1218 agrum
357 1137 531 1198 Picentium.
586 1141 617 1198 in
651 1158 685 1199 eo
718 1157 788 1217 agro
821 1139 1046 1218 aliquodsariam
1080 1141 1111 1198 13
1144 1139 1260 1216 singula

109 1249 216 1325 iugera
242 1244 318 1304 dena
346 1243 440 1304 331133
469 1247 528 1304 vini
556 1241 664 1305 liunt'?
710 1264 808 1307 nonne
835 1249 907 1307 item
935 1249 966 1306 in
990 1265 1060 1325 agro
1086 1245 1260 1327 Faventino,

109 1373 131 1413 3
158 1371 217 1433 (333
244 1351 287 1411 111
315 1354 497 1412 3333333133
525 1351 711 1431 appellantur
740 1355 826 1433 vites,
855 1354 934 1431 quod
962 1356 1100 1431 iugerum
1123 1361 1259 1415 trecenas

60 1474 92 1513 1⁰
110 1460 271 1540 amphoras
290 1455 416 1519 reddat?
462 1458 556 1519 Simul
576 1460 682 1538 aspicit
700 1478 756 1540 me,
781 1458 877 1540 Certe,
896 1461 1003 1539 inquit,
1027 1459 1100 1519 Libo
1121 1460 1258 1541 Marcius,

110 1568 283 1648 praefectus
302 1564 419 1626 fabrum
439 1568 564 1645 133313
584 1566 675 1627 lundo
695 1585 748 1626 suo
769 1565 925 1627 Fauentiae
944 1564 1020 1624 hanc
1039 1565 1258 1627 multitudinem

106 1674 229 1736 dicebat
261 1691 329 1734 suas
362 1672 487 1733 reddere
521 1675 601 1733 vites.
653 1673 712 1733 duo
744 1675 775 1732 in
805 1673 910 1751 primis
938 1680 1087 1750 spectasse
1116 1673 1283 1736 videntur8

108 1782 209 1842 Italici
230 1781 366 1841 homines
390 1779 526 1861 colendo,
550 1790 709 1858 possentne
733 1780 850 1839 fructus
874 1797 928 1857 pro
951 1780 1075 1858 inpensa
1099 1798 1133 1839 ac
1157 1779 1258 1841 labore
1282 1815 1284 1820 s

108 1890 214 1950 redire
244 1897 274 1948 31
301 1894 401 1947 utrum
430 1886 549 1947 saluber
577 1886 660 1947 locus
688 1896 831 1969 essetan
860 1903 928 1945 nou.
974 1904 1100 1965 qiiorum
1126 1889 1151 1947 si
1174 1887 1260 1948 alter-

62 2008 92 2047 15
111 2005 217 2056 utrum
241 1992 356 2055 decolat
379 1993 524 2076 etum-ilo
549 1996 647 2072 minus
672 1995 738 2079 (3313
762 1991 950 2084 3311331333,
973 1999 1072 2069 mente
1092 2000 1145 2068 331ι
1156 2001 1260 2075 captus

109 2112 205 2182 atque
232 2102 267 2162 ad
291 2107 413 2178 agnatos
437 2110 467 2159 et
490 2101 615 2177 gentiles
640 2107 685 2160 331
709 2098 909 2160 deducendus.
956 2116 1042 2186 nemo
1067 2101 1145 2177 enim
1170 2119 1259 2176 sanus

109 2207 300 2303 (1313133133
323 2209 477 2294 inpensam
502 2225 545 2297 33
560 2215 712 2289 sumptum
736 2207 833 2297 lacere
857 2205 1033 2295 incultum,
1057 2207 1083 2264 si
1103 2207 1181 2267 videt
1201 2226 1260 2267 333

108 2333 205 2395 33333
232 2314 328 2393 retici,
356 2331 411 2372 nec
435 2316 460 2373 si
484 2321 582 2392 potest
605 2313 729 2373 relicere
753 2312 885 2392 fructus,
913 2314 938 2371 si
962 2312 1042 2372 videt
1065 2330 1116 2371 eos
1140 2313 1203 2373 sore
1227 2321 1261 2373 ut

108 2421 282 2504 pestilentia
302 2421 478 2499 dispereant.
521 2420 581 2501 sed,
601 2422 715 2500 opinor,
735 2421 786 2497 qui
805 2418 877 2478 haec
897 2418 1080 2479 commodius
1099 2421 1256 2480 ostendere
1268 2429 1289 2484 9‘
1338 2416 1339 2420 ’

188 2610 204 2658 5
231 2623 267 2661 33
294 2624 349 2662 333
378 2609 415 2662 Μ.
440 2609 611 2665 CatoPtn'n.
631 2615 679 2677 14,
702 2614 740 2664 52
761 2606 863 2663 Cotum.
883 2608 942 2660 ΠΙ
963 2612 993 2675 3,
1017 2613 1260 2679 2.9,3333333.

114 2693 147 2747 V
165 2698 246 2761 17,9
319 2703 333 2749 ‘l
357 2698 387 2750 in
405 2697 517 2768 singula
534 2699 632 2768 iugera
651 2698 724 2753 Non.
741 2716 769 2766 p.
790 2703 853 2763 197,
872 2701 911 2752 22
990 2703 1022 2751 12
1042 2698 1097 2752 (133
1115 2699 1145 2753 13
1163 2699 1260 2768 primis

107 2784 257 2851 spectasse
277 2782 418 2841 0313331
435 2791 495 2852 3,1

188 2968 202 3014 1
222 2961 304 3017 italia
321 2966 353 3017 31
371 2962 428 3018 PA
447 2962 527 3017 italia
545 2964 639 3016 33131
657 2962 684 3015 Β
690 2979 705 3016 3
777 2960 899 3030 phrygia
915 2979 931 3015 3
949 2962 1076 3031 phryges
1090 2963 1147 3015 ΡΒ
1165 2965 1258 3031 phyri-

106 3067 169 3122 gea
188 3049 216 3104 A
287 3059 302 3105 2
326 3052 452 3121 appellat
475 3049 666 3120 ἀμπελόεσσαν
688 3052 715 3103 Ρ
736 3049 881 3119 appellata
904 3051 1064 3119 peloeseam
1082 3051 1109 3104 A
1133 3051 1260 3120 appellat·

105 3139 318 3208 ampeloessam
333 3143 361 3194 B
384 3139 511 3210 appellat
533 3137 735 3209 opustdeowe
799 3138 936 3210 3Argos]
957 3156 1040 3208 agros
1054 3141 1114 3194 Am
1176 3140 1260 3194 notai-

104 3248 208 3299 πυρσν
231 3229 257 3281 V
272 3229 422 3299 polipirom
440 3231 467 3282 A
486 3229 634 3298 polypiron
649 3230 676 3282 B
749 3227 889 3283 43311333
904 3229 963 3293 PB
981 3228 1071 3284 culleo
1086 3229 1113 3281 A
1132 3231 1260 3284 3313333

189 3316 341 3372 633111333
365 3320 392 3372 Α
465 3317 531 3383 ‘Qui
558 3317 665 3372 uiritim
684 3317 723 3372 313
742 3317 899 3371 Ariminum
918 3319 1001 3375 datus
1021 3320 1070 3372 est.
1108 3318 1156 3373 Sic
1174 3321 1261 3374 locun

105 3407 321 3478 castipauunns.
358 3409 484 3477 Antiqua
507 3408 596 3473 tectio,
621 3406 767 3462 Caesarem
790 3407 944 3462 inundatus
968 3408 1022 3462 est'
1052 3406 1190 3463 Victorius

104 3495 253 3550 uiriditinr
276 3499 302 3549 A
375 3497 504 3551 Cesaram
527 3495 681 3550 Inundatus
701 3526 707 3538 ·
727 3494 757 3550 c'.
796 3496 841 3550 Cis
864 3495 986 3552 Aremin.
1010 3497 1092 3550 datus
1113 3496 1141 3549 P
1167 3505 1260 3552 cesare

105 3591 271 3657 (caesarem
294 3585 333 3654 Β)
357 3585 507 3640 inundatus
530 3586 592 3639 AB
611 3585 727 3640 Caesare
750 3584 864 3639 iubente
883 3586 1000 3641 (131333
1073 3583 1274 3653 1313331133,

104 3713 175 3766 AB
198 3709 337 3766 Victorius
363 3708 492 3780 picenum
520 3710 546 3763 V
614 3715 630 3763 8
655 3709 746 3764 331133
771 3710 861 3765 PAR
885 3711 964 3765 33133
987 3728 1004 3765 3
1085 3685 1210 3767 33111133
1233 3711 1260 3764 Β

187 3806 204 3854 9
223 3798 394 3854 trecenarius
419 3799 536 3852 Ursinus
557 3797 718 3852 tricinariae
737 3799 827 3853 PAB
854 3799 1021 3855 tricenariae
1043 3817 1060 3854 3
1138 3801 1260 3870 3331133-

103 3895 160 3946 tur
183 3888 213 3942 A
283 3890 410 3942 trecenae
435 3888 552 3942 Ursinus
570 3887 690 3942 tricenas
713 3886 800 3941 VAB
874 3895 907 3943 10
926 3887 1018 3956 inquit
1042 3889 1099 3942 VB
1117 3889 1216 3959 inquid
1234 3890 1262 3943 A

185 3975 306 4032 Martius
329 3976 417 4031 VAB
491 3982 523 4031 13
547 3976 637 4030 italici
661 3976 720 4030 VA
743 3975 784 4030 ita
808 3974 864 4030 dici
886 3982 912 4031 et
934 3980 965 4031 tn
982 3979 1105 4044 nornine
1124 3977 1215 4031 italici
1233 3979 1261 4030 Β

184 4066 317 4136 impensa
336 4066 424 4119 VAB
497 4071 530 4119 14
548 4065 638 4119 redire
652 4066 710 4119 PB
725 4064 814 4119 redire
829 4082 897 4120 corr.
912 4064 1027 4118 reddere
1042 4066 1068 4116 A
1083 4065 1198 4117 reddere
1213 4081 1260 4118 mu

186 4161 223 4210 15
241 4155 353 4210 decolat
366 4155 456 4209 PAB
475 4153 598 4209 decollat
611 4171 627 4208 3
681 4153 787 4208 nichilo
801 4153 829 4207 A
884 4160 917 4207 16
937 4154 1021 4220 atque
1036 4153 1083 4206 Be
1098 4152 1189 4221 adque
1203 4152 1261 4206 PA

185 4279 225 4335 ad
239 4280 358 4348 agnatos
372 4281 452 4334 Arne
466 4285 491 4335 et
509 4297 526 4335 3
540 4279 653 4348 posted
667 4280 813 4334 incasura
828 4280 855 4330 B
870 4277 1008 4346 adgnatos
1019 4279 1047 4332 P
1065 4253 1071 4262 ⁸
1098 4240 1260 4331 nullaten-

40 4431 45 4437 ,
104 4372 164 4426 dus
189 4370 221 4424 Β
299 4386 383 4423 33333
407 4371 467 4422 ΑΒ
496 4369 633 4423 Victorius
660 4385 743 4422 sanus
771 4362 865 4421 mente
895 4368 921 4421 V
1001 4373 1032 4420 17
1061 4366 1208 4436 inpensam
1234 4367 1261 4419 A

104 4461 274 4531 impensam
298 4457 353 4511 VB
429 4457 459 4509 iu
478 4455 586 4511 cultura
610 4458 666 4511 VB
685 4456 872 4512 insulturam
891 4457 950 4510 Aut
1024 4463 1055 4510 19
1076 4456 1219 4511 comodius
1233 4455 1259 4508 A
