3000 5026
477 320 525 374 DE
545 308 634 374 AGR‘I
654 318 824 374 CVLTVRA
843 321 871 374 Ο.
893 318 1024 383 83-88
1282 320 1325 383 65

181 489 287 546 tarium
308 505 418 574 purum
441 486 536 567 indat,
560 486 636 547 lavet
659 486 734 547 bene
750 489 951 566 corticemque
966 487 1080 548 deterat
1094 487 1170 548 bene
1186 486 1324 566 eluatque

181 593 264 653 bene.
300 600 404 671 postea
428 595 458 652 in
482 593 577 653 aulam
597 592 679 654 indat
693 601 723 653 et
738 612 844 672 aquam
858 612 963 672 puram
978 603 1154 674 coquatque.
1192 594 1244 654 ubi
1258 612 1323 654 coc·

179 709 242 760 tum
262 701 333 779 erit,
357 699 431 760 lacte
451 700 538 760 addat
552 700 693 778 paulatim
717 719 813 779 usque
836 700 923 775 adeo,
946 701 1040 761 donec
1064 720 1181 762 cremor
1204 719 1322 762 crassus

177 808 236 866 erit
259 808 364 867 iactus
478 838 481 843 ·

136 934 153 973 5
266 913 404 974 Amutum
428 914 471 972 sie
496 912 591 972 facito.
629 913 775 991 siliginem
790 922 915 992 purgato
930 914 1019 994 bene,
1043 922 1145 992 postea
1160 917 1189 973 in
1205 912 1318 973 alveum
1338 921 1482 979 LXXXVII

173 1021 274 1094 indat,
303 1039 338 1081 eo
363 1020 449 1080 addat
473 1037 577 1098 aquam
601 1019 648 1079 bis
672 1019 702 1079 iri
726 1022 782 1081 die.
825 1022 872 1081 die
897 1021 1010 1081 decimo
1037 1040 1143 1100 aquam
1168 1023 1324 1100 exsiccato,

172 1136 321 1206 exurgeto
344 1126 435 1207 bene,
458 1129 488 1187 in
513 1127 594 1186 alveo
618 1146 694 1206 puro
717 1130 841 1188 misceto
865 1128 950 1208 bene,
975 1129 1062 1188 tacito
1086 1136 1235 1207 tamquam
1260 1127 1324 1186 iaex

171 1235 236 1294 fiat.
274 1235 304 1295 id
328 1236 359 1294 in
383 1233 507 1294 linteum
531 1252 639 1295 novum
664 1235 771 1315 indito,
796 1237 953 1312 exprimito
969 1253 1134 1295 cremorem
1149 1237 1179 1294 io
1194 1235 1324 1313 patinam

170 1359 283 1400 novam
307 1349 358 1402 aut
381 1343 412 1400 in
436 1343 619 1400 mortarium.
662 1341 691 1400 id
715 1359 802 1401 omne
825 1343 866 1401 ita
890 1342 977 1401 tacito
1002 1349 1031 1401 et
1055 1342 1193 1402 refricem
1218 1341 1324 1400 denuo.

113 1470 145 1508 ιο
170 1465 243 1506 eam
266 1450 397 1526 patinam
420 1449 452 1507 in
473 1448 533 1508 sole
558 1450 668 1528 ponito,
693 1455 816 1507 arescat.
853 1447 1029 1528 ebrardo,
1052 1450 1083 1507 in
1108 1448 1203 1507 ardam
1219 1464 1323 1506 novam

167 1553 287 1634 indito,
310 1554 379 1613 inde
404 1554 491 1614 facito
515 1573 583 1615 cum
607 1554 682 1614 lacte
706 1562 821 1633 coquat.

268 1659 366 1719 Salem
390 1660 548 1720 candidum
572 1663 615 1720 sic
640 1648 736 1721 iadto.
774 1661 944 1740 amphoram
959 1662 1090 1722 detracto
1106 1661 1181 1721 codo
1200 1680 1306 1740 puram
1325 1643 1481 1724 LXXXthl

162 1766 290 1845 inpleto
314 1786 406 1845 aquae
430 1784 531 1846 purae,
555 1769 585 1826 in
610 1767 670 1827 sole
695 1769 806 1845 ponito.
840 1767 881 1826 ibi
900 1766 1040 1827 fiscellam
1064 1786 1132 1827 cum
1156 1767 1216 1826 saie
1230 1786 1323 1846 popu·

159 1876 234 1936 lari
253 1874 426 1952 suspendito
451 1882 480 1933 et
504 1882 641 1952 quassato
666 1874 862 1952 suppletoque
886 1873 1055 1933 identidem.
1093 1875 1122 1934 id
1146 1874 1323 1952 atiquotiens

113 2013 133 2052 15
162 1985 213 2043 in
232 1979 279 2039 die
299 1981 407 2040 cotidie
428 1980 528 2060 tacito,
551 1999 646 2059 usque
666 1981 738 2040 adeo
758 1981 851 2040 donec
875 1980 917 2039 sal
941 1981 1081 2040 desiverit
1104 1980 1257 2040 tabescere
1281 1981 1323 2040 bi·

157 2089 281 2151 duum.
322 2086 352 2146 id
377 2089 546 2164 signierit:
570 2105 685 2147 menam
709 2087 821 2146 aridam
845 2085 995 2146 velorum
1015 2086 1175 2146 demittite:
1199 2088 1225 2145 si
1245 2078 1361 2146 nata-2

155 2193 239 2271 hit,
265 2211 299 2253 ea
326 2195 438 2253 muries
466 2195 536 2272 erit,
564 2193 610 2253 vel
639 2212 758 2253 carnem
786 2193 830 2253 vet
862 2212 963 2253 caseos
991 2193 1037 2252 rel
1065 2192 1240 2254 salsamenta
1264 2214 1322 2273 quo

155 2299 298 2363 condas.
335 2318 399 2360 eam
424 2302 549 2360 muriam
572 2301 602 2358 in
627 2299 730 2360 labelia
754 2300 799 2359 vet
819 2302 849 2359 in
868 2302 982 2378 patinas
997 2302 1026 2359 in
1043 2299 1104 2359 soie
1123 2303 1233 2378 ponito.
1275 2321 1323 2362 us·

162 2422 246 2484 que
266 2407 338 2466 adeo
361 2409 393 2466 in
417 2405 478 2466 sole
501 2405 620 2486 habeto,
650 2406 743 2465 donec
767 2409 960 2466 concreverit.
1002 2406 1070 2466 inde
1094 2406 1148 2466 ssos
1173 2407 1242 2467 satis
1264 2409 1323 2468 fret.

119 2539 143 2576 20
158 2509 240 2573 ubi
259 2513 441 2576 dubitabitur
464 2521 494 2573 et
517 2521 607 2573 noctu
632 2512 686 2573 sub
711 2520 789 2573 tecto
813 2515 929 2594 ponito3
953 2513 1074 2592 cotidie,
1098 2532 1165 2573 oum
1191 2514 1234 2574 sol
1258 2517 1323 2594 erit,

157 2623 215 2679 in
241 2620 297 2680 sote
321 2622 448 2698 ponito·
1272 2618 1280 2625 ’

160 2756 204 2762 ’-
220 2756 297 2768 “·“...
298 2763 356 2768 .....
357 2763 393 2768 .-.-.

252 2851 269 2899 5
286 2846 420 2901 Amulum
441 2845 517 2899 Ptin.
538 2851 583 2910 18,
602 2849 655 2899 177

159 2963 393 2986 κ...-

251 3065 267 3112 1
291 3062 479 3128 corticemque
504 3058 614 3111 deterat
633 3044 735 3124 (detrat
753 3054 791 3124 A)
814 3055 884 3108 bene
908 3053 1038 3121 eluatque
1057 3054 1127 3108 bene
1146 3054 1217 3120 Abs
1240 3053 1320 3107 corti·

155 3149 297 3215 <temque
317 3149 428 3202 deterat
446 3147 515 3201 bene
536 3146 658 3214 (reliquis
671 3144 787 3211 omissis)
806 3160 821 3196 e
838 3141 1024 3210 corticemque
1044 3141 1154 3197 deterat
1165 3142 1178 3214 s
1191 3142 1323 3210 eiuatque

154 3220 245 3286 bene
266 3239 295 3291 P
313 3237 447 3292 corticem
466 3233 598 3289 decenter
617 3233 693 3287 eluat
705 3250 722 3285 o
794 3238 810 3285 2
828 3233 943 3299 fortasse
961 3233 990 3284 et
1003 3248 1106 3299 aquam
1124 3249 1222 3301 puram
1238 3231 1324 3285 addat

246 3329 413 3397 eoquatque
432 3327 488 3380 bec
507 3326 641 3392 cocatque
660 3323 740 3388 PAf

245 3419 266 3466 5
287 3418 320 3470 R.
339 3415 506 3469 LXXXXVI
526 3413 656 3466 Amolum
676 3412 715 3466 sic
734 3410 819 3465 facito
834 3410 912 3463 APt
931 3409 1073 3478 Amyllum
1093 3410 1132 3464 sic
1151 3409 1235 3463 facito
1254 3427 1270 3463 o

159 3499 305 3560 anussiam
327 3505 386 3558 PR
406 3505 529 3558 amulum
549 3502 750 3557 terramillam
770 3502 797 3553 A
817 3499 986 3567 amyllumc
1059 3506 1074 3553 6
1093 3501 1122 3553 in
1141 3499 1198 3569 die]
1217 3497 1282 3551 inde
1298 3500 1323 3549 A

161 3589 241 3638 c⁰Tr-
266 3595 299 3648 in
318 3593 364 3647 die
384 3591 425 3646 Α2
507 3592 645 3644 exsiccato
667 3589 694 3641 P
711 3589 833 3642 exsicato
852 3588 879 3639 A
899 3587 1022 3642 exiccato
1042 3589 1097 3642 dcv
1183 3586 1280 3641 tfaex
1302 3584 1328 3637 V

163 3660 214 3718 fex
230 3681 300 3736 AR
376 3688 408 3735 10
423 3680 521 3749 ponito
536 3679 645 3733 arescat
661 3677 749 3730 PAR
768 3675 862 3744 ponito
879 3677 911 3727 ut
924 3678 1033 3729 arescat
1046 3694 1069 3729 o.
1089 3677 1204 3742 fortasse
1219 3676 1323 3744 ponito,

168 3747 262 3820 Si¹¹i¹³0
284 3772 394 3827 arescat
467 3770 560 3824 auiam
575 3767 633 3821 AR
652 3766 757 3820 aullam
775 3765 803 3817 P
818 3765 938 3817 ollamo

249 3862 286 3913 12
305 3861 339 3914 R.
359 3856 539 3912 LXXXXVII
559 3855 650 3909 Salem
670 3854 819 3909 candidum
839 3852 878 3906 sie
896 3851 982 3906 facito
1001 3853 1081 3908 AVo
1166 3859 1198 3907 13
1217 3853 1324 3921 inpleto

178 3926 318 4008 Aipleto
341 3948 368 4002 V
383 3946 501 4016 impleto
520 3944 547 3996 R
631 3943 772 4013 populiari
791 3944 817 3995 A
901 3945 934 3992 14
953 3941 1135 4009 suppletoque
1155 3940 1214 3992 AR
1233 3940 1324 4008 suple-

182 4015 268 4090 toque
294 4039 319 4091 V
400 4033 553 4088 identidem
577 4032 632 4087 VR
650 4031 812 4086 idemtidem
831 4031 857 4083 A
940 4034 971 4081 15
992 4026 1123 4081 desineris
1142 4030 1168 4080 A
1188 4044 1256 4081 corr.
1277 4026 1325 4078 -rit

192 4104 225 4156 ¹¹²
302 4133 335 4179 1e
354 4141 466 4180 menam
488 4123 543 4176 Va
561 4137 661 4176 menan
680 4121 706 4173 A
782 4116 924 4173 remittito
947 4116 990 4170 Vc
1009 4114 1138 4169 remorto
1156 4113 1324 4180 sarmatae

200 4226 236 4286 ΔΕ
322 4256 353 4304 17
379 4264 434 4316 quo
459 4247 561 4302 condas
586 4245 653 4311 Vos
677 4225 797 4312 quddam
821 4261 888 4298 corr.
909 4259 950 4294 -as
969 4243 996 4294 A
1023 4245 1048 4294 ct
1065 4240 1247 4308 superscripto
1265 4238 1275 4290 i
1293 4244 1325 4293 et

207 4318 293 4390 Qec
310 4356 365 4406 quo
385 4337 499 4391 condias
517 4335 566 4402 At,
586 4335 689 4389 condas
708 4350 722 4388 c
804 4338 836 4384 18
855 4335 884 4384 in
902 4331 1013 4399 patinas
1029 4328 1120 4382 PAR
1139 4328 1166 4380 in
1186 4327 1283 4396 patina
1299 4345 1324 4383 v.

116 4428 118 4435 '
216 4403 303 4480 imitate
319 4427 349 4480 in
366 4426 479 4496 patinae
499 4421 647 4477 diffundite
720 4428 752 4475 19
771 4421 835 4474 inde
854 4421 883 4473 fo
900 4419 960 4479 flos,
979 4418 1025 4472 sed
1042 4418 1126 4472 deleto
1143 4417 1172 4471 fo
1192 4416 1219 4469 A

251 4514 306 4565 Otto
319 4537 350 4566 nn
366 4535 426 4566 som
440 4534 457 4562 c.
1097 4511 1112 4560 5
