3000 5026
173 337 237 404 142
665 334 849 392 VARRONIS

172 505 224 566 dos
253 505 389 566 surculos
417 504 544 585 alienus,
575 512 677 565 eontra
705 486 899 565 rubicundior
927 503 1088 582 adpositus.
1140 504 1183 563 sie
1211 521 1314 582 magna

172 615 227 672 tria
257 613 426 672 discrimina
454 619 564 691 terrae,
593 612 671 691 quod
700 612 792 672 refert
819 619 919 672 utrum
949 613 987 671 sit
1014 628 1113 671 maora
1136 629 1173 670 an
1198 613 1316 690 pinguis

171 738 207 779 an
232 719 412 799 mediocris,
445 719 523 798 quod
557 717 593 778 ad
626 717 772 779 culturam
805 720 924 797 pinguis
958 718 1113 778 fecundior
1146 717 1185 777 ad,
1216 716 1315 797 multa,

171 844 269 886 inaura
292 834 403 887 eontra.
449 827 549 904 itaque
573 827 678 906 iniis,
706 825 739 886 'ut
762 829 793 886 in
816 826 954 905 Pupinia,
981 844 1077 905 neque
1101 824 1224 885 arbores
1248 843 1315 902 pro·

171 933 245 993 lixae
274 952 371 1012 neque
400 934 474 992 vites
502 933 628 1012 leraees,
658 951 754 1010 neque
784 940 944 993 stramenta
971 933 1070 992 videre
1094 949 1194 993 crassa
1218 933 1340 1010 possis5

74 1092 82 1105 .
171 1059 267 1119 neque
300 1041 388 1100 ficum
421 1041 576 1100 urarisearn
605 1047 635 1099 et
662 1039 784 1100 arbores
812 1039 967 1119 plerasque
995 1058 1030 1099 ae
1056 1047 1140 1118 prata
1168 1038 1316 1098 retorrida

146 1151 319 1208 ssmuseosa.
366 1155 467 1207 contra
495 1149 525 1207 in
555 1165 625 1225 agro
653 1149 769 1227 pingui,
799 1150 884 1207 utin
908 1147 1041 1226 Etruria,
1069 1146 1138 1206 lieet
1161 1145 1264 1205 videre
1288 1152 1317 1205 et

172 1261 288 1332 segetes
312 1253 480 1314 fructuosas
503 1273 537 1314 ae
561 1252 702 1313 restibilis
727 1262 756 1314 et
780 1253 911 1339 arbores
924 1254 1052 1333 prolixas
1076 1262 1106 1313 et
1130 1255 1227 1313 omnia
1253 1254 1316 1312 sine

171 1379 283 1420 museo.
333 1361 364 1420 in
396 1361 540 1421 mediocri
568 1368 666 1421 autern
695 1367 789 1440 terra,
822 1368 856 1420 nt
882 1362 913 1421 in
942 1360 1072 1441 Tiburti,
1105 1379 1164 1439 quo
1192 1362 1317 1439 propius

171 1467 285 1527 aceedit
308 1474 341 1526 ut
364 1485 423 1526 non
448 1470 486 1528 sit
510 1486 620 1547 macra,
649 1485 736 1545 quarn
760 1474 794 1527 nt
818 1469 856 1526 sit
878 1468 990 1548 ieiuna,
1020 1486 1054 1527 eo
1079 1466 1114 1526 ad
1139 1485 1244 1526 omnes
1267 1485 1316 1527 res
1330 1477 1354 1518 1⁰

145 1574 370 1656 leommodior,
403 1593 490 1654 quam
524 1577 549 1634 si
581 1573 733 1634 inelinavit
761 1574 796 1633 ad
824 1573 896 1634 illud
925 1574 1003 1653 quod
1032 1574 1172 1634 deterius
1225 1571 1317 1652 Stolo,

170 1681 235 1741 Non
263 1680 351 1760 male,
380 1683 489 1762 inquit,
519 1700 594 1761 qrrae
623 1682 661 1740 sit
689 1680 794 1740 idonea
822 1688 902 1741 terra
932 1681 968 1740 ad
993 1680 1148 1740 colendum
1173 1688 1317 1759 autnon,

173 1786 340 1866 Diophanes
363 1787 506 1867 Bithynos
530 1787 635 1848 scribit
658 1789 740 1867 signa
760 1789 837 1848 sumi
856 1806 943 1867 posse
963 1794 1014 1847 ant
1033 1805 1068 1846 ex
1086 1788 1150 1865 ipsa
1170 1791 1222 1846 aut
1242 1803 1317 1864 qnae

173 1902 336 1955 nascuntur
365 1913 399 1954 ex
427 1896 478 1954 iis:
507 1913 541 1954 ex
570 1897 646 1973 ipsa,
676 1898 700 1969 si
730 1896 769 1954 sit
796 1904 876 1954 terra
904 1893 982 1974 alba,
1010 1897 1036 1953 si
1059 1895 1156 1973 nigra,
1185 1894 1211 1952 si
1235 1890 1317 1972 levis,

173 2020 247 2080 quae
276 2020 342 2061 eum
368 2002 509 2081 fodiatur,
537 1999 623 2062 laeile
648 2003 766 2076 lrietur,
795 2009 899 2062 natura
924 2020 999 2081 quae
1022 2019 1082 2061 non
1106 2002 1145 2060 sit
1169 2001 1317 2082 eineraeia
1331 2009 1354 2049 1⁵

172 2127 245 2168 neve
275 2108 465 2169 vehementer
493 2109 596 2169 densa:
625 2129 660 2169 ex
688 2111 725 2168 iis
753 2116 852 2169 autern
880 2127 955 2188 quae
984 2115 1069 2168 enata
1093 2115 1163 2167 sunt
1186 2107 1264 2187 iera,
1293 2107 1318 2165 si

173 2223 242 2275 sunt
269 2215 383 2294 prolixa
411 2223 499 2294 atque
530 2215 590 2292 [ea]
620 2235 695 2295 quae
725 2234 758 2275 ex
788 2217 825 2275 iis
850 2219 932 2277 nasei
955 2216 1065 2276 debent
1088 2232 1190 2274 earum
1215 2232 1319 2274 rerum

172 2321 289 2383 feracia.
335 2322 387 2382 sed
411 2323 489 2402 quod
514 2325 668 2404 sequitur,‘
687 2325 809 2383 tertium
831 2321 897 2385 illut
921 2324 957 2384 de
981 2323 1076 2383 modis
1099 2320 1155 2380 die.

137 2426 163 2486 X
262 2427 327 2509 llle,
356 2428 470 2510 Medos,
499 2428 607 2507 quibus
635 2432 813 2491 metirentur
841 2449 924 2512 rura,
952 2408 1026 2490 alius
1055 2426 1127 2488 alios
1152 2428 1317 2487 constituit.

173 2553 239 2595 nam
264 2536 294 2595 in
313 2534 454 2614 Hispania
477 2535 618 2596 ulteriore
642 2539 807 2598 metiuntur
829 2539 915 2619 iugis
939 2538 970 2596 in
990 2534 1147 2613 Campania
1171 2533 1361 2615 versibus,20

172 2727 385 2736 ψ.-

244 2849 430 2921 luppositus
454 2848 543 2904 VAB
623 2825 655 2906 si⁰
674 2867 777 2920 magna
795 2851 823 2906 A
899 2848 1042 2904 breferet
1059 2848 1087 2902 A
1164 2849 1317 2903 3foeeun·

172 2973 233 3030 aior
252 2976 278 3030 u
347 2977 382 3030 aa
402 2942 574 3030 mulinum
588 2975 615 3030 A
686 2982 703 3029 4
722 2975 818 3044 nuque
836 2975 868 3028 in
884 2973 919 3028 ns
934 2972 962 3028 A
981 2972 1118 3027 nacturus
1131 2973 1229 3041 suque
1241 2969 1252 2991 ⁶
1264 2963 1314 3027 aas

171 3070 196 3118 et
218 3066 249 3119 a'u
272 3067 395 3135 marpiue
419 3060 488 3119 *nus
511 3064 534 3119 e'
557 3073 569 3119 i
591 3065 626 3119 iis
646 3065 789 3134 Pilaque
812 3082 864 3118 nus
882 3065 910 3117 B
932 3064 1028 3132 itaque
1050 3062 1081 3116 in
1103 3061 1157 3117 uiis
1175 3079 1203 3116 m
1221 3063 1315 3130 itaque

171 3171 227 3207 nux
246 3154 395 3221 uitaque
417 3155 447 3209 in
470 3153 547 3209 Veiis
572 3154 726 3209 Iueuudue.
769 3152 889 3208 ‘Veteres
916 3153 983 3207 tttrt
1008 3152 1059 3206 bac
1077 3157 1160 3219 palu
1182 3152 1314 3221 eorrupit,

172 3258 336 3297 communem
357 3244 494 3298 lectionem
512 3243 605 3297 multis
623 3243 656 3295 de
674 3243 764 3295 causis
782 3257 839 3296 nou
853 3242 1017 3311 probamus,
1039 3257 1150 3308 eamque
1169 3241 1204 3295 ab
1223 3241 1314 3310 ulique
1343 3265 1361 3292 ι

171 3333 339 3386 emendatore
357 3333 503 3400 repositam
521 3328 702 3385 arbitramur’
730 3329 867 3385 Victorius
938 3329 1063 3397 prolixae
1087 3328 1144 3382 VB
1162 3329 1271 3398 prolixe
1288 3329 1361 3384 A...l

171 3420 294 3489 prolixas
313 3420 457 3476 Iucundos
529 3418 638 3473 buites
656 3419 876 3487 superscriptum,
915 3434 1009 3472 ereees
1029 3419 1070 3472 bie
1088 3418 1221 3487 sereptum
1238 3419 1271 3472 e'u
1288 3417 1361 3472 A:

242 3508 332 3577 possis
359 3508 420 3561 AB
449 3506 586 3562 Victorius
613 3507 718 3576 poteris
748 3506 774 3560 V
844 3512 859 3560 6
888 3505 1049 3560 marissoam
1073 3506 1100 3560 A
1175 3513 1190 3562 7
1218 3505 1340 3577 pingui

170 3600 384 3668 supersereptum
402 3597 434 3650 iu
452 3596 479 3648 A
552 3601 568 3649 9
588 3614 641 3665 quo
661 3597 775 3667 propius
800 3597 918 3651 Ursinus
936 3594 1011 3663 quod
1028 3594 1142 3665 propius
1167 3594 1224 3649 VA
1242 3593 1361 3665 quui

171 3721 300 3790 proprius
319 3720 347 3773 Β
420 3726 452 3773 11
476 3719 606 3788 quamsi
631 3721 780 3776 inclinauit
796 3720 825 3774 B
849 3722 986 3776 Victorius
1008 3738 1093 3788 quum
1112 3683 1361 3776 elnelinaniiz

172 3824 257 3877 quam
276 3807 300 3862 ei
318 3807 497 3863 inelinauerib
520 3808 546 3862 V
617 3814 648 3863 12
668 3809 759 3878 inquit
784 3810 839 3863 VB
861 3810 959 3878 inquid
977 3810 1005 3864 A
1077 3827 1150 3879 quae
1168 3811 1206 3866 sib
1223 3827 1361 3866 unu:

244 3897 403 3952 eollendum
422 3897 449 3952 A
523 3904 556 3952 13
575 3898 707 3967 bithynos
722 3898 780 3953 PB
799 3898 924 3953 bibbinos
938 3899 967 3953 A
984 3898 1163 3968 bithyniusu
1237 3900 1296 3968 sign
1327 3913 1361 3944 =

170 3989 384 4057 musueptum
411 3989 443 4042 iu
460 3988 488 4040 B
561 3993 594 4040 14
622 3988 646 4041 si
664 3989 757 4057 primo
781 3989 838 4042 loeo
860 4004 910 4044 orn.
934 3988 961 4040 B
1035 3993 1068 4041 15
1086 3981 1157 4042 ‘eum
1180 3988 1361 4044 fodiunt-

172 4091 351 4168 etlnfodiatur
370 4113 398 4167 A
472 4119 503 4168 17
528 4114 611 4181 atque
630 4112 678 4166 Bu
703 4112 794 4180 adque
815 4112 874 4165 PA
947 4117 980 4165 18
999 4113 1072 4181 qnod
1091 4112 1217 4181 sequitur
1236 4113 1295 4167 AB
1358 4128 1361 4135 ·

172 4205 240 4271 quot
258 4203 384 4270 sequitur
400 4201 428 4253 P
478 4201 594 4256 tertium
607 4199 678 4255 illud
694 4200 770 4272 (illut
783 4201 820 4270 P)
835 4201 870 4255 de
885 4200 974 4256 modis
989 4200 1045 4255 diei
1061 4201 1119 4255 PB
1132 4203 1253 4257 tercium
1266 4200 1319 4256 ilL

158 4290 201 4343 'id
225 4291 259 4343 de
282 4289 366 4344 modo
390 4289 459 4345 dieii
477 4292 505 4345 A
528 4289 646 4346 tercium
668 4290 737 4345 item
760 4289 906 4346 demodis
927 4289 997 4343 dieii
1013 4307 1040 4344 nt
1057 4290 1173 4346 tertium
1192 4291 1264 4346 illud
1281 4288 1339 4344 (Ι-

171 4377 262 4433 modis
281 4378 376 4433 dicen

243 4472 277 4523 20
296 4467 461 4539 metiuntur]
481 4467 652 4523 mentiuntur
670 4470 699 4524 A
