3000 5026
476 323 609 379 RERVM
627 322 867 379 RVSTICARVM
885 323 953 381 LlB.
972 323 985 376 I
1006 321 1046 378 13
1272 323 1334 388 147

194 489 337 569 lupinum,
361 492 432 550 item
454 490 510 551 elie
534 509 609 570 quae
633 491 761 551 demisse
783 493 815 551 in
833 509 939 570 equam
958 491 992 550 ed
1013 510 1100 552 usum
1120 494 1234 570 aptiora
1252 493 1335 554 liunt.
1366 551 1369 559 ,

194 596 301 657 cohors
324 600 454 658 exterior
477 597 582 658 crebro
606 607 708 677 operte
728 601 899 659 stramentis
922 616 955 658 ac
978 597 1061 676 pelea
1083 597 1233 659 occulcata
1251 599 1361 678 pedi-4

194 702 248 764 hus
272 705 421 782 pecudum
441 707 626 766 nummisma
645 705 745 786 tundo,
769 724 804 765 ex
824 725 858 765 ee
877 705 956 784 quod
975 704 1125 766 evehatur.
1172 706 1336 766 secundum

194 811 290 871 villam
319 811 378 871 duo
402 810 511 871 habere
535 820 652 890 oportet
676 813 827 873 stercilino
850 823 901 872 eut
924 831 1017 873 unum
1042 812 1175 873 bifariam
1200 811 1336 872 divisum.

130 934 160 975 5
192 917 316 978 alteram
336 921 414 978 enim
433 927 548 998 partem
567 921 631 978 fieri
651 927 768 997 oportet
788 920 911 998 [villam]
931 939 1045 1001 novem,
1065 921 1186 980 alterurn
1206 927 1335 979 veterem

190 1024 256 1084 tolli
279 1027 310 1085 in
334 1044 452 1106 agrum,
480 1026 557 1104 quod
582 1028 661 1086 enirn
685 1044 773 1104 quern
797 1045 902 1087 recens
927 1029 1005 1106 quod
1029 1029 1196 1087 conirecuit
1220 1025 1334 1085 melius.

188 1149 247 1192 neo
271 1150 332 1191 non
356 1132 540 1193 stercilinum
564 1133 669 1194 melius
692 1133 774 1214 illud,
797 1136 884 1195 cuius
906 1135 998 1195 latere
1020 1142 1050 1194 et
1073 1152 1220 1194 summum
1245 1133 1336 1210 virgis

185 1256 226 1298 ec
254 1239 359 1299 fronde
389 1239 568 1300 vindicatum
596 1259 612 1299 a
640 1240 710 1300 sole.
761 1260 819 1301 non
848 1245 927 1301 enirn
955 1260 1073 1322 sucum,
1103 1259 1191 1320 quern
1220 1241 1336 1317 quaerit

184 1353 281 1425 terre,
305 1345 397 1406 solem
420 1353 488 1406 ente
512 1365 640 1425 exugere
664 1357 790 1426 oportet.
835 1351 934 1427 itaque
959 1352 1057 1429 periti,
1080 1351 1131 1428 qui
1155 1349 1279 1426 possint,
1301 1354 1336 1406 ut

104 1476 148 1519 ro
181 1469 227 1511 eo
255 1472 330 1532 eque
356 1453 472 1533 inlluet,
501 1456 678 1514 eonomine
703 1456 822 1516 iaciunt.
870 1459 912 1516 sic
936 1459 1014 1517 enim
1038 1457 1164 1516 maxime
1188 1455 1335 1513 retinetur
1400 1478 1402 1483 ·

181 1577 296 1639 sucus,
327 1562 358 1619 in
391 1579 485 1640 eoque
518 1561 636 1639 quidam
664 1561 750 1622 sellas
778 1564 964 1624 familiarioris
992 1573 1114 1642 ponunt.
1163 1561 1359 1622 aediliciumt

182 1667 289 1729 fecere
322 1675 453 1748 oportet,
486 1668 541 1728 sub
575 1671 653 1747 quod
687 1676 798 1729 tectum
831 1678 923 1730 totam
956 1670 1041 1730 lundi
1073 1669 1210 1729 subicere
1238 1671 1336 1746 possis

181 1789 332 1856 messem,
361 1774 438 1853 quod
468 1784 573 1835 vocant
600 1776 719 1853 quidem
747 1775 935 1836 nubilarium.
986 1776 1016 1836 id
1045 1777 1210 1835 secundum
1236 1792 1335 1835 aream

184 1881 373 1960 faciendum,
405 1880 457 1940 ubi
487 1878 612 1943 triturus
642 1885 682 1943 sis
711 1884 905 1965 frumentum,
933 1883 1136 1962 magnitudine
1165 1901 1218 1961 pro
1247 1882 1335 1941 modo

131 2005 158 2046 rs
183 1989 288 2068 fundi,
317 2007 353 2048 ex
381 2006 440 2048 una
467 1992 546 2066 parti
574 1998 722 2070 opertum,
751 2001 781 2051 et
807 1991 836 2050 id
867 1991 903 2051 ab
927 2009 1008 2071 eree,
1037 2010 1095 2070 quo
1120 1998 1150 2049 et
1173 1992 1203 2049 in
1227 1991 1335 2049 tritura

181 2110 335 2194 PVQ
354 2096 440 2155 facile
459 2098 556 2173 possis
573 2107 610 2176 et,
630 2099 656 2157 si
670 2097 804 2158 nubilare
819 2101 926 2179 coepit,
944 2098 1012 2157 inde
1029 2106 1062 2158 ut
1077 2116 1182 2158 rursus
1197 2097 1335 2156 celeriter

178 2201 313 2262 reicere.
352 2203 499 2262 fenestras
518 2202 627 2263 habere
647 2212 765 2282 oportet
784 2224 819 2264 ex
839 2223 873 2265 ee
892 2208 978 2285 perti,
999 2205 1077 2266 unde
1097 2203 1335 2264 commodissime

237 2541 257 2588 1
274 2535 399 2591 demisso
413 2551 482 2590 corr.
497 2534 619 2591 demisse
637 2537 664 2590 A
700 2537 838 2592 fiuntPB
851 2537 989 2592 fiantAm
1003 2538 1097 2591 sunto
1134 2544 1150 2591 2
1166 2537 1264 2591 cohors
1279 2536 1336 2590 VB

159 2651 330 2716 choorsA
404 2632 489 2728 opleta
508 2662 534 2714 A
607 2639 778 2716 occuliteA
850 2667 919 2714 3ex
939 2678 973 2715 ee,
992 2661 1081 2714 VAB
1096 2678 1177 2716 exeo
1192 2661 1264 2716 A²m

156 2743 178 2789 4
217 2749 380 2807 stercilino
404 2753 432 2806 P
457 2750 611 2806 stercilinie
628 2750 656 2803 Β
679 2749 868 2803 stercilienam
887 2751 914 2802 A
937 2766 1005 2804 corr.
1030 2749 1183 2805 stercilinie
1201 2750 1241 2804 A’
1265 2750 1335 2806 ster-

155 2832 297 2895 quiliua
319 2858 347 2894 m
375 2839 585 2909 sterquiliniac
657 2840 706 2890 aut
728 2856 814 2891 unum
839 2837 893 2890 Vnt
917 2841 1081 2905 autumnum
1100 2839 1128 2893 A
1154 2843 1289 2907 eoepuucto
1307 2856 1335 2889 m

155 2921 197 2968 “t
231 2930 355 2984 videtur
371 2929 413 2984 A¹
435 2931 600 2984 autumnum
619 2928 646 2980 Β
718 2933 734 2980 5
763 2925 880 2980 alteram
904 2925 1047 2994 (ulterram
1067 2926 1104 2994 A)
1128 2926 1202 2980 euim
1225 2929 1335 2993 partem

155 3000 239 3065 fieri
282 3019 396 3088 oportet
418 3019 479 3073 AB
507 3018 626 3072 alteram
653 3015 728 3070 enim
754 3023 767 3068 i
795 3016 902 3084 partem
931 3013 997 3068 ferri
1026 3016 1137 3083 oportet
1165 3014 1191 3067 V
1216 3013 1334 3067 alteram

157 3095 263 3159 enim
292 3109 403 3177 partem
430 3106 496 3162 ferri
524 3107 636 3176 oportet
663 3104 802 3159 Victorius
892 3102 961 3157 uilla
984 3102 1078 3172 tuille,
1098 3108 1130 3156 ut
1152 3103 1272 3185 eripietur,
1294 3103 1336 3154 oel

157 3180 254 3246 villa,
276 3197 314 3264 P)
333 3214 436 3252 nouam
450 3196 540 3250 PAB
560 3213 575 3249 e
592 3192 663 3247 uilla
680 3211 785 3247 nouum
804 3193 929 3246 fimumo
949 3209 963 3245 e
982 3190 1052 3245 uilla
1069 3208 1173 3245 nouem
1197 3189 1334 3245 Victorius

263 3285 387 3340 alterum
413 3287 538 3339 ueterem
561 3283 589 3336 Β
612 3283 751 3339 Victorius
776 3283 848 3335 ulter
864 3284 869 3350 Ι
884 3282 1016 3336 ulterram
1035 3282 1171 3347 ueterem,
1194 3282 1241 3335 red
1264 3280 1336 3334 ulter

163 3356 304 3429 deletum
328 3377 356 3428 A
379 3375 471 3428 altere
492 3375 617 3428 ueterem
646 3373 672 3425 V
742 3370 806 3425 ssin
829 3387 896 3440 egro
919 3387 986 3425 corr.
1014 3402 1045 3410 —
1070 3388 1118 3423 um
1140 3370 1168 3423 A
1242 3367 1334 3433 ‘Quod

167 3452 263 3515 enim
288 3480 373 3532 quam
395 3479 491 3517 recens
514 3463 588 3530 quod
612 3459 753 3515 conlaeuit
776 3459 875 3514 melius
892 3488 898 3501 ·
913 3461 963 3514 Itu
980 3461 1012 3514 iu
1029 3459 1185 3514 melioribus
1198 3479 1207 3511 .·
1220 3474 1285 3511 uum
1303 3458 1335 3510 iu

169 3546 344 3606 ⁸0miuetere
367 3567 421 3620 pro
449 3550 601 3614 conteruit,
634 3549 793 3618 conflcouit,
827 3550 938 3619 lepimus
962 3571 969 3603 ε
992 3555 1099 3604 coetera
1125 3548 1217 3602 eodem
1243 3545 1331 3600 eraut’

177 3618 334 3697 Victorius
349 3682 356 3696 .
370 3642 485 3708 sortasse
507 3640 581 3708 quod
605 3640 679 3694 enim
701 3638 856 3692 confracuit
873 3656 958 3707 quum
980 3655 1076 3694 recens
1099 3638 1198 3692 melius
1270 3653 1334 3690 oon·

176 3743 294 3820 fr&teuit
312 3765 434 3835 Scaliper
457 3763 598 3818 consueuit
616 3765 676 3818 ΡΒ
695 3729 837 3819 eonftcuit
855 3763 881 3816 A
901 3764 1050 3818 conflccuit
1067 3781 1094 3817 m
1112 3781 1176 3817 cum
1194 3761 1301 3816 fuciunt
1319 3777 1334 3814 o

264 3862 278 3911 'l
302 3853 476 3910 stercilinum
497 3853 555 3906 ΡΒ
579 3851 762 3907 stercilinium
783 3853 808 3905 A
831 3852 1026 3919 sterquilinum
1043 3870 1069 3906 m
1090 3850 1296 3921 sterquilinium
1319 3867 1334 3903 o

265 3952 279 4000 8
303 3944 479 3998 uindicatum
498 3942 588 3997 PAB
611 3939 772 3995 uindicatur
790 3940 830 3996 A²
849 3958 864 3994 o
884 3939 1013 3994 uincetur
1031 3959 1057 3995 m
1129 3957 1146 3992 e
1165 3941 1223 3994 sole
1244 3940 1335 3991 PAB

179 4016 234 4076 ab
252 4033 305 4089 sole
324 4051 339 4088 o
395 4037 411 4085 9
431 4048 549 4100 exugere
567 4031 596 4084 P
612 4046 745 4099 exurgere
760 4029 827 4095 AB,
846 4029 892 4083 seul
909 4045 923 4080 r
941 4032 1105 4096 expunctum
1123 4032 1155 4079 ut
1172 4029 1280 4080 videtur
1294 4027 1336 4079 Al

179 4115 325 4196 qurgere
343 4139 391 4177 mo
462 4122 577 4190 possunt
596 4120 743 4175 Iucundos
817 4123 850 4170 10
873 4116 981 4171 faciunt
998 4116 1056 4169 AB
1075 4114 1182 4168 facient
1205 4114 1231 4166 V
1302 4119 1331 4165 11

177 4201 221 4250 ¹¹¹
254 4227 337 4282 eoque
363 4208 478 4279 quidum
503 4209 528 4262 V
548 4207 579 4261 in
601 4225 634 4262 eo
658 4224 729 4278 queo
753 4207 869 4276 quidem
888 4207 916 4261 B
938 4206 966 4260 in
990 4221 1078 4274 eoque
1095 4206 1099 4273 Ι
1116 4204 1181 4257 dem
1199 4203 1227 4258 A
1249 4201 1278 4255 in
1301 4218 1335 4256 eo

175 4293 306 4356 quidam
328 4319 355 4355 m
398 4331 400 4336 ·
428 4295 564 4352 edifitium
586 4297 614 4352 A
688 4301 719 4349 12
743 4295 834 4350 fecere
853 4295 912 4348 AB
935 4292 995 4346 fieri
1013 4293 1042 4346 P
1061 4289 1147 4345 etiem
1166 4290 1226 4346 fieri
1248 4307 1264 4344 o

104 4366 120 4463 ι’
174 4379 330 4445 'subiicere
354 4389 381 4443 V
470 4392 502 4440 15
530 4386 604 4455 perti
626 4387 684 4441 PB
707 4387 786 4455 perte
810 4402 878 4439 corr.
904 4415 936 4422 —
960 4383 983 4437 ti
1001 4383 1029 4436 A
1051 4383 1168 4452 perteo
1257 4379 1336 4436 intn'-

104 4478 111 4595 p
171 4451 262 4533 iun
278 4479 369 4535 rnre
387 4477 581 4532 intrituramv
655 4482 687 4529 rc
707 4475 782 4545 eope
799 4475 827 4530 A
900 4479 932 4528 rr
951 4472 1026 4541 paru
1042 4471 1131 4528 ΡΑΒ
1149 4476 1264 4540 persev
