3000 5026
148 213 212 278 128
638 212 822 271 VARRONIS

148 401 235 461 quam
264 383 396 461 sinistra,
425 383 464 440 ita
493 388 526 441 ut
555 389 652 441 tamen
681 384 720 441 sit
749 381 875 460 quodam
899 381 986 441 modo
1010 383 1183 461 coniuncta,
1211 382 1292 461 quod

148 497 193 549 ost
217 488 307 549 altera
332 487 464 548 eiusdem
488 490 628 548 carminis
650 489 803 548 modorum
823 490 979 568 incentiva,
1003 487 1093 549 altera
1113 490 1295 556 succentira.

101 597 189 657 16Et
212 597 331 675 quictem
355 595 424 655 lieet
447 594 565 675 adicias,
588 597 718 675 inquam,
741 604 894 674 pastorum
913 599 1000 656 vitam
1020 613 1086 655 esse
1104 597 1294 675 incentivam,

146 702 341 781 agricolarum
375 703 574 761 succentivam
606 709 727 761 anctore
755 702 927 762 doctissimo
955 703 1074 763 homine
1103 701 1295 784 Dicaearcho,

146 813 196 889 qui
224 809 363 870 Graeciae
394 810 452 868 vita
481 807 575 886 qualis
604 808 694 868 fuerit
721 808 757 868 ab
786 811 871 869 Initio
899 808 985 869 nobis
1012 811 1052 869 ita
1080 809 1227 891 ostendit,
1259 817 1295 870 ut
1322 821 1335 862 ⁵

146 915 351 996 superioribus
379 915 564 993 temporibus
588 915 679 975 fuisse
704 915 820 995 doceat,
849 904 919 976 cum
943 915 1078 975 homines
1101 917 1296 994 pastoriciam

146 1026 236 1084 vitam
255 1029 376 1102 agerent
396 1041 491 1100 neque
511 1025 623 1082 scirent
641 1026 729 1082 etiam
748 1042 832 1083 arare
851 1032 960 1083 terram
980 1029 1031 1082 aut
1049 1040 1150 1082 serere
1169 1021 1296 1083 arbores

147 1140 198 1192 aut
217 1139 334 1210 putare3
354 1129 445 1189 abiis
464 1130 605 1189 interiore
629 1129 722 1207 gradu
741 1149 774 1190 ae
777 1131 846 1190 tatis
866 1137 1034 1208 susceptam
1053 1131 1132 1213 agri
1135 1128 1296 1190 culturam

100 1240 285 1317 (μιοοίιοει
319 1238 346 1294 ci
379 1238 508 1296 succinit
539 1237 679 1315 pastorali
709 1235 772 1316 [L],
807 1237 885 1315 quod
914 1244 960 1296 est
987 1236 1125 1317 inferior,
1158 1243 1192 1297 ut
1220 1236 1297 1297 tibia

101 1345 272 1405 lisinistra
296 1362 311 1402 a
335 1342 455 1402 dextrae
479 1342 681 1403 foraminibus.
728 1344 849 1422 Agrius,
876 1342 934 1423 Tu,
962 1345 1072 1423 inquit,
1099 1343 1211 1405 tibicen
1235 1355 1337 1404 non¹0

145 1452 240 1513 solum
269 1451 374 1511 adimis
403 1449 522 1510 domino
550 1468 656 1531 pecus,
683 1451 736 1510 sed
761 1453 850 1510 etiam
873 1452 967 1510 servis
990 1449 1154 1530 peculium,
1181 1449 1296 1529 quibus

145 1560 257 1620 domini
290 1558 360 1617 dant
388 1564 420 1616 ut
447 1565 582 1635 pascant,
615 1564 702 1636 atque
732 1558 821 1617 etiam
849 1557 929 1635 leges
959 1557 1107 1618 colonicas
1134 1555 1231 1640 toliis,
1262 1559 1295 1618 in

146 1665 254 1744 quibus
287 1663 458 1745 scribimus,
492 1663 614 1724 colonus
647 1666 677 1722 in
710 1682 780 1742 agro
813 1663 979 1724 surcularis
1007 1683 1044 1724 ue
1072 1682 1161 1743 capra
1189 1671 1296 1725 uatum

146 1779 258 1850 pascat:
292 1789 364 1849 quas
393 1772 480 1830 etiam
509 1770 665 1848 astrologia
695 1773 725 1830 in
753 1770 866 1830 caetum
895 1773 1019 1852 recepit,
1052 1790 1112 1831 non
1140 1771 1229 1850 longe
1257 1771 1295 1831 ab

97 1870 243 1940 l8tauro.
289 1877 344 1938 Cui
366 1876 552 1957 Fundanius,
579 1877 665 1958 Vide,
688 1879 798 1956 inquit,
822 1895 872 1959 ne,
895 1879 979 1958 Agri,
1003 1880 1081 1938 istuc
1104 1879 1145 1939 sii
1166 1877 1205 1938 ab
1228 1877 1332 1959 boc,1⁵

145 2006 212 2048 cum
237 1989 266 2046 in
291 1985 407 2064 legibus
431 1987 519 2044 ctiam
543 1985 691 2045 scribatur
710 1980 814 2063 ‘pecus
834 1979 1002 2062 quoddam’.
1049 1984 1194 2063 quaedam
1214 1987 1295 2046 enim

144 2094 274 2173 pecudes
302 2091 436 2152 culturae
465 2101 535 2152 sunt
562 2093 698 2151 inimicae
728 2110 761 2151 ae
792 2109 917 2171 veneno,
947 2098 979 2151 ut
1008 2094 1095 2171 istae,
1124 2109 1200 2170 quas
1224 2092 1294 2167 dixi,

144 2219 258 2279 caprae
305 2218 356 2258 cae
380 2201 459 2258 enim
483 2200 581 2258 omnia
605 2197 717 2256 novella
741 2204 803 2256 sata
826 2198 975 2276 carpendo
999 2206 1211 2277 corrumpunt,
1234 2217 1294 2259 non

98 2304 303 2367 19miuimum
333 2308 406 2364 vites
435 2312 523 2382 atque
546 2304 633 2364 oleas.
680 2306 779 2382 itaque
803 2312 959 2382 riropterea
982 2306 1151 2366 institutum
1177 2306 1293 2367 diversa

144 2415 180 2475 de
205 2432 292 2474 causa
315 2421 349 2472 ut
372 2431 408 2471 ex
432 2414 593 2489 caprino
577 2429 685 2470 venere
709 2410 744 2470 ad
769 2410 818 2469 aiii
842 2411 889 2470 dei
913 2430 992 2471 aram
1012 2411 1108 2472 hostia
1128 2412 1291 2474 adducere·
1304 2420 1327 2459 11

144 2531 206 2596 tur,
235 2520 270 2580 ad
300 2518 349 2580 alii
373 2537 430 2578 non
456 2519 688 2599 sacrificaretur,
716 2535 785 2578 cum
808 2516 845 2598 ab
868 2519 971 2578 eodem
996 2519 1063 2598 odio
1087 2518 1220 2580 alteri
1192 2519 1291 2599 ssebre

216 2708 248 2756 13
268 2700 382 2755 colonus
399 2698 429 2751 in
448 2715 516 2768 agro
537 2699 586 2767 II,
605 2704 623 2753 3
642 2704 660 2754 7

170 2822 258 2829 ——u--
271 2821 358 2827 ——

217 2871 437 2938 lquodamodo
461 2886 513 2923 cun
537 2870 615 2936 (corr,
640 2871 703 2938 con)
726 2869 822 2924 iuncta
844 2870 872 2923 A
950 2868 1114 2923 3cddicias
1136 2870 1199 2925 Am
1273 2877 1289 2926 4

143 2963 241 3015 autore
264 2960 293 3013 B
365 2958 512 3014 dicearcho
540 2958 628 3012 VAB
701 2958 911 3028 ttemporibus
934 2975 985 3012 om.
1008 2959 1035 3012 A
1107 2959 1212 3016 docent
1233 2961 1290 3016 Am

215 3090 328 3139 'iarorc
343 3083 421 3139 Amo
436 3083 508 3137 arari
522 3083 580 3136 PB
635 3059 805 3150 8pbtareB
859 3083 916 3137 sei
931 3081 1050 3137 succinit
1063 3084 1290 3166 pastorali-L·P

144 3175 170 3226 oi
189 3173 307 3227 succinit
323 3173 459 3242 pastorali
471 3202 477 3213 ·
487 3172 498 3225 l
509 3200 514 3213 ·
525 3170 586 3224 AB
605 3169 630 3222 ei
645 3171 765 3224 succinit
777 3171 927 3239 pastoralis
941 3189 957 3225 c
973 3189 1006 3225 aa
1020 3171 1140 3227 succinit
1153 3173 1288 3244 pastorali

148 3261 265 3316 Ursiuua
336 3268 370 3316 10
393 3278 411 3315 a
433 3261 547 3314 dextrae
572 3259 628 3313 VB
651 3258 786 3313 addextre
804 3258 832 3312 A
903 3259 997 3328 agrius
1020 3278 1068 3316 uu
1086 3259 1179 3316 acrius
1198 3264 1287 3318 PAR

213 3351 306 3421 inquit
330 3351 386 3405 VB
409 3349 507 3418 inquid
526 3348 553 3402 A
627 3353 659 3401 11
682 3347 803 3416 addimis
822 3349 850 3402 A
923 3354 955 3402 12
981 3352 1066 3418 atque
1084 3368 1101 3405 u
1120 3351 1213 3420 adque
1232 3353 1300 3407 PA.

143 3441 179 3496 ad
198 3457 270 3510 quae
289 3443 316 3495 B
390 3445 423 3492 13
448 3436 580 3492 ‘Oolouus
603 3437 631 3490 in
650 3453 718 3507 agro
737 3437 890 3492 surculario
909 3455 944 3492 ne
963 3454 1046 3507 capre
1063 3441 1164 3494 nutum
1182 3446 1292 3509 pascat.

144 3532 194 3584 Ita
220 3530 363 3585 emcuduui
390 3545 424 3581 ear
451 3532 557 3581 uetusto
583 3528 685 3594 codice,
712 3531 738 3580 et
765 3543 798 3580 ear
825 3528 873 3581 iiio
896 3528 952 3582 ioco
976 3528 1041 3583 libri
1063 3528 1106 3581 ΙΙ
1123 3530 1174 3599 [3,
1192 3530 1228 3600 7]
1245 3529 1289 3584 Ns

143 3621 253 3672 colonus
267 3634 352 3685 cupra
366 3621 463 3670 uatum
476 3617 508 3669 iu
520 3616 609 3682 fuudo
620 3620 727 3684 paseat.
799 3615 874 3669 Nam
888 3621 989 3670 ueteres
1003 3616 1070 3670 iibri
1083 3617 1282 3687 aliquantulum

143 3707 302 3775 depromam,
320 3706 360 3759 cie
378 3706 449 3759 euim
466 3705 575 3771 babent,
594 3704 620 3757 N
622 3721 636 3758 e
656 3706 815 3774 captatum
829 3707 934 3771 pascat.
968 3705 1066 3759 Prima
1079 3706 1168 3775 icitur
1181 3709 1276 3777 syliabs

142 3797 225 3850 buius
247 3797 326 3850 uerbi
349 3796 465 3861 Natum,
493 3794 636 3860 defecerui’
668 3793 805 3848 Victorino
876 3794 1057 3862 necaprctum
1079 3798 1180 3864 pascat
1199 3798 1271 3852 ΡΑ]

142 3902 178 3939 ne
202 3901 299 3954 capras
324 3901 385 3938 cum
409 3886 509 3954 pascat
526 3900 552 3936 m
575 3899 609 3936 ne
634 3897 731 3951 capras
752 3884 946 3951 compascotu
1020 3889 1052 3938 14
1072 3885 1108 3938 ab
1126 3887 1209 3940 tauro
1233 3885 1261 3939 V,

142 3976 258 4028 atauro
272 3976 300 4028 B
374 3979 406 4028 15
425 3972 519 4041 iuquit
536 3971 590 4024 VB
609 3969 707 4038 inquid
721 3970 749 4023 A
820 3969 889 4039 Agri
905 3987 939 4025 ne
959 3971 1077 4027 Ursinus
1151 3978 1183 4028 16
1203 3992 1255 4042 qua

143 4063 208 4116 darn
225 4066 439 4132 superscriptum
457 4064 489 4115 iu
502 4060 530 4114 A
594 4065 625 4113 17
645 4058 743 4112 dixisti
758 4060 904 4114 Iucundos
969 4066 1001 4116 18
1017 4063 1128 4133 caprae]
1145 4080 1244 4133 capere

215 4169 246 4223 ee
265 4152 339 4205 enim
357 4152 414 4204 PB
433 4150 485 4203 hec
504 4148 578 4203 enim
593 4150 652 4202 Am
671 4148 724 4202 bae
743 4149 818 4202 enim
836 4167 852 4202 c
926 4156 958 4203 19
978 4153 1062 4219 atque
1080 4151 1243 4221 VBadque

215 4245 249 4292 20
271 4241 304 4292 ut
326 4256 360 4296 ex
383 4238 496 4308 caprino
516 4240 564 4302 Bc
588 4238 620 4290 ut
642 4237 657 4289 έ
681 4235 794 4306 caprino
818 4243 849 4291 ui
867 4239 974 4292 uidetur
994 4239 1022 4292 P
1042 4241 1075 4293 ut
1094 4241 1208 4310 caprino
1226 4266 1237 4294 A

214 4329 308 4382 hostia
330 4344 397 4382 corr.
471 4345 488 4379 a
506 4329 532 4378 A
