3000 5026
251 333 317 387 XIV
707 331 912 387 PRAEFATIO

251 502 329 560 liber
352 503 460 560 tertius
483 503 616 575 explicit.
661 501 692 558 in
718 509 849 559 extrema
873 499 942 559 libri
964 509 1058 578 parte,
1082 497 1219 558 similiter
1247 507 1335 577 atque
1359 499 1396 558 de

164 606 166 613 '
251 606 450 666 Laurentiano
474 606 576 666 codice
601 625 690 684 supra
714 606 902 687 dictumest,
926 605 1049 666 lacunae
1067 607 1098 665 in
1118 607 1265 683 scriptura
1286 605 1398 665 codicis

253 713 372 774 relictae
401 721 483 792 sunt;
517 731 693 793 quamquam
721 713 757 773 de
787 713 833 772 his
862 731 920 772 non
949 713 1035 792 plane
1063 731 1132 772 cum
1160 712 1210 772 illo
1238 713 1398 792 consentit,

253 821 305 880 sed
333 821 476 900 quaedam
506 839 581 899 quae
604 822 635 881 in
658 819 857 880 Laurentiano
881 819 983 879 codice
1007 819 1135 879 indicata
1159 819 1262 879 lacuna
1287 819 1397 878 omissa

252 935 322 988 sunt
346 927 541 1006 legunturiu
565 928 631 987 hoc.

340 1035 365 1093 li
393 1037 445 1113 331
473 1042 540 1095 3313
564 1034 726 1095 Victorium
751 1034 871 1096 Catonis
899 1042 930 1094 et
953 1034 1093 1094 Varronis
1121 1032 1214 1093 libros
1243 1050 1300 1092 una
1328 1050 1398 1092 cum

253 1140 376 1219 reliquis
399 1141 599 1201 Romanorum
623 1140 659 1200 de
683 1159 715 1200 re
740 1142 851 1201 rustica
870 1139 1068 1219 scriptoribus
1087 1141 1118 1198 in
1137 1139 1219 1201 ltalia
1238 1138 1399 1199 ediderunt

252 1247 358 1307 iisdem
382 1247 548 1321 codicibus,
573 1265 648 1326 quos
671 1266 751 1307 nunc
775 1246 929 1329 habemus,
953 1249 999 1307 usi
1023 1256 1101 1308 sunt.
1148 1266 1215 1307 nam
1239 1265 1397 1325 quaecum-

253 1374 310 1434 que
343 1357 373 1414 in
406 1356 621 1433 antiquissimis
654 1355 824 1415 editonibus
851 1355 950 1434 aliter,
984 1364 1071 1433 atque
1101 1357 1131 1414 in
1161 1372 1248 1414 manu
1277 1355 1399 1432 scriptis

252 1460 336 1520 libris
372 1460 511 1539 legimus,
549 1479 688 1541 expressa
726 1470 809 1542 sunt,
846 1471 897 1522 aut
930 1461 1132 1540 neglegentiae
1166 1461 1313 1521 editorum
1347 1470 1400 1520 aut

253 1570 441 1628 coniecturae
466 1567 623 1629 tribuenda
647 1588 712 1629 esse
736 1578 850 1629 certum
874 1579 928 1630 est.
973 1571 1102 1647 primum
1126 1576 1224 1629 autem
1249 1567 1398 1645 Georgius

253 1673 381 1753 Merula,
414 1677 466 1754 qui
498 1678 662 1755 principem
691 1676 853 1736 editionem
880 1695 905 1736 a.
936 1672 1020 1735 1472
1051 1675 1179 1735 Venetiis
1208 1675 1283 1754 apud
1313 1675 1398 1735 Nico-

254 1781 332 1842 laum
363 1782 521 1843 lensouum
555 1785 731 1862 impressam
764 1783 848 1864 lecit,
879 1780 1026 1861 permulta
1061 1800 1114 1842 suo
1148 1782 1286 1862 arbitrio,
1319 1781 1399 1840 nulla

254 1889 399 1949 librorum
433 1908 520 1950 manu
553 1891 733 1968 scriptorum
767 1890 824 1950 lide
858 1891 989 1951 mutavit.
1040 1898 1108 1967 post
1139 1889 1219 1948 bunc
1247 1888 1400 1948 lueuudus

254 1995 446 2078 Veronensis,
475 1999 525 2076 qui
549 1996 669 2057 Aldinae
698 1995 821 2056 editioni
849 2015 873 2056 a.
904 1993 990 2057 1514
1019 1998 1112 2056 133133
1140 1995 1281 2074 praefuit,
1310 2013 1398 2054 manu

255 2106 383 2181 scriptos
406 2101 512 2182 libros,
540 2105 570 2163 in
594 2103 641 2162 his
664 2102 831 2162 Mediceum
855 2102 1001 2180 codicem,
1026 2120 1114 2180 quem
1139 2119 1227 2179 supra
1252 2101 1326 2182 dixi,
1349 2102 1399 2161 ad·

255 2208 364 2289 hibuit;
388 2228 484 2288 neque
509 2216 605 2269 tamen
630 2209 665 2268 ad
690 2210 778 2269 fidem
802 2209 937 2269 codicum
962 2211 1141 2287 scripturam
1165 2210 1321 2286 revocavit,
1346 2208 1398 2268 sed

256 2317 367 2375 maiore
391 2317 478 2375 etiam
503 2315 621 2375 licentia
646 2334 719 2375 usus
738 2316 864 2394 plurima
885 2335 937 2375 sua
957 2318 1128 2375 coniectura
1149 2317 1273 2375 novarit.
1320 2314 1398 2374 aldt-

255 2441 322 2483 nam
355 2422 516 2482 editionem
549 2440 573 2481 a.
607 2418 692 2482 1515
725 2431 826 2482 secuta
861 2430 906 2482 est
938 2423 1055 2483 Iuntina
1084 2441 1098 2481 a
1127 2422 1246 2481 Nicolao
1276 2421 1399 2500 Angelio

254 2528 426 2589 Florentino
455 2530 544 2608 lacta,
573 2531 604 2589 iu
632 2548 692 2608 qua
720 2548 779 2589 uon
808 2529 897 2589 nullis
925 2530 998 2589 13313
1021 2530 1166 2589 lectiones
1191 2528 1311 2588 Aldinae
1336 2529 1399 2588 edi-

254 2637 344 2695 tionis
373 2654 408 2694 33
433 2635 611 2696 Florentinis
635 2635 789 2696 codicibus
814 2644 979 2715 correctae,
1010 2635 1134 2715 plurima
1160 2646 1256 2695 tamen
1281 2636 1337 2715 sic,
1366 2644 1400 2695 ut

180 2752 182 2757 '
256 2744 285 2802 in
310 2734 359 2801 illa
383 2742 461 2802 edita
484 2750 577 2823 erant,
602 2745 726 2821 repetita
751 2751 829 2803 suut.
876 2742 929 2802 bac
953 2761 1008 2822 pro
1033 2742 1223 2802 larudamento
1248 2760 1317 2801 suae
1337 2741 1398 2801 edi-

256 2850 346 2908 tionis
370 2866 443 2909 usus
467 2856 512 2909 est
536 2849 644 2910 Petrus
667 2849 815 2911 Victorius
838 2869 935 2928 neque
959 2858 1131 2909 constanter
1149 2868 1204 2928 pro
1223 2849 1399 2928 interpolata

257 2958 396 3035 impressi
414 2955 591 3036 exemplaris
610 2957 736 3018 lectione
752 2960 909 3035 genuinam
925 2956 1079 3036 archetypi
1094 2957 1205 3016 codicis
1220 2958 1399 3035 scripturam

233 3038 402 3145 restituit,
429 3063 481 3124 sed
510 3063 580 3124 olim
605 3064 750 3144 vulgatam
774 3063 931 3124 lectionem
956 3083 990 3123 33
1016 3049 1131 3124 luntina
1156 3063 1286 3123 editione
1311 3081 1400 3141 saepe

251 3173 376 3249 recepit.
422 3169 493 3249 quid
522 3171 722 3248 antiquissimi
751 3169 881 3229 editores
910 3169 954 3229 vel
983 3172 1003 3228 ii
1035 3171 1086 3247 qui
1113 3179 1214 3249 postea
1239 3171 1269 3229 in
1293 3169 1399 3228 iisdem

253 3276 337 3336 llbris
366 3295 485 3355 operam
510 3276 729 3335 collocaverunt
757 3276 787 3332 in
818 3274 1025 3335 emendatione
1050 3286 1207 3355 corruptae
1232 3277 1400 3354 scripturae

254 3384 449 3462 profecerint,
481 3382 537 3442 hoc
569 3381 634 3441 loco
669 3399 728 3441 nou
761 3381 865 3442 dicam.
917 3401 983 3442 nam
1017 3383 1105 3443 tidem
1133 3383 1269 3442 lectionis
1298 3382 1333 3442 ab
1362 3384 1400 3443 iis

253 3489 410 3568 petendam
435 3507 494 3548 non
518 3507 583 3549 esse
608 3507 644 3547 33
667 3489 704 3548 113
727 3507 802 3567 3333
827 3489 887 3549 dixi
910 3508 1051 3570 apparere
1076 3499 1177 3569 putor.

344 3597 447 3657 Restat
476 3603 510 3655 ut
537 3595 574 3654 de
602 3597 715 3656 ratione
741 3577 1122 3658 Ι3333333111133133113333
1170 3599 1268 3675 itaque
1293 3598 1329 3657 ad
1354 3616 1400 3656 re-

255 3703 435 3775 stituendam
455 3709 586 3761 veterem
605 3703 791 3782 scripturam,
816 3706 940 3783 quaein
960 3704 1047 3764 editis
1066 3703 1161 3763 adbuc
1182 3703 1401 3782 exemplaribus

254 3786 445 3869 veheme'nter
465 3816 605 3888 corrupta
625 3817 697 3891 erat,
715 3810 875 3889 plurimum
896 3810 973 3873 haud
993 3811 1082 3871 dubie
1103 3810 1239 3871 Politiani
1260 3821 1401 3890 excerpta

254 3915 371 3977 valent..
410 3934 500 3995 quare
533 3935 654 3995 operam
686 3916 754 3976 dedi
787 3926 820 3978 ut
851 3918 924 3979 haec
953 3920 1079 3978 maxime
1107 3921 1137 3978 in
1166 3936 1239 3976 nova
1269 3917 1401 3977 editione

222 4052 224 4056 ⁴
255 4031 392 4084 accurate
417 4034 722 4103 repraesentarentur.
765 4036 794 4086 et
818 4029 955 4116 quoniam
975 4028 1118 4086 incertior
1137 4043 1240 4085 eorum
1260 4024 1333 4083 fides
1354 4034 1402 4086 est

253 4132 283 4189 iu
307 4132 343 4190 iis
368 4149 442 4210 quae
462 4131 625 4192 Politianus
649 4150 708 4191 non
733 4138 844 4192 mutata
867 4134 898 4192 in
922 4135 1056 4212 principe
1076 4131 1206 4191 editione
1227 4131 1400 4211 reliquerat,

254 4253 341 4313 quam
374 4239 403 4295 in
437 4238 473 4294 iis
505 4255 579 4314 quae
608 4255 643 4296 33
672 4256 761 4298 manu
790 4240 900 4318 scripto
931 4239 1006 4300 libro
1036 4238 1208 4317 adscripsit,
1236 4237 1308 4296 haec
1338 4237 1400 4298 duo

255 4359 365 4418 genera
394 4344 434 4400 ita
463 4341 596 4422 distinxi,
625 4352 658 4404 ut
681 4365 714 4405 ea
739 4363 813 4423 quae
838 4365 873 4404 33
897 4346 999 4406 codice
1023 4345 1213 4405 adnotaverat
1237 4345 1265 4402 P
1291 4342 1401 4425 littera,

254 4467 328 4528 quae
358 4450 388 4507 13
415 4449 550 4527 principe
580 4450 708 4510 editione
739 4469 798 4511 nou
828 4460 991 4512 mutaverat
1015 4452 1112 4513 littera
1143 4451 1168 4508 V
1189 4451 1401 4527 significarem.
