3000 5026
197 321 261 386 236
687 319 871 376 sunnonis

172 487 334 566 5bupacda
362 487 494 547 bulimon
521 477 644 567 boopin,
672 505 758 546 uvam
787 505 904 566 quoque
933 487 1138 548 bumammam.
1188 493 1344 566 praeterea

197 598 258 656 scio
285 595 363 655 hunc
388 613 466 670 csse,
494 596 525 653 in
549 612 637 673 quem
661 596 849 672 potissimum
872 594 1006 674 luppiter
1030 614 1061 656 se
1085 596 1246 674 convertit,
1275 611 1344 655 cum

197 704 361 781 exportavit
384 719 437 780 per
462 720 541 761 mare
566 720 581 760 e
605 701 752 761 Phoenice
776 719 878 762 amans
901 700 1063 783 Europam3
1087 701 1167 762 hunc
1192 719 1268 782 esse,
1292 703 1346 780 qui

197 808 273 868 lilios
295 806 426 887 Neptuni
454 827 470 868 a
493 807 656 886 Menalippa
686 811 823 888 servarit,
833 785 888 868 'lie
917 811 947 867 in
976 808 1091 868 stabulo
1119 808 1249 868 infantes
1272 802 1389 967 gml

197 914 286 975 boum
325 914 488 995 obtereret,
525 915 651 992 (lenique
685 933 720 973 ex
753 915 809 974 boc
842 916 1008 993 putrefacto
1043 918 1124 976 nasci
1156 915 1345 976 dulcissimas
1371 944 1383 982 5

197 1007 277 1102 apes,
300 1021 395 1082 mellis
418 1030 536 1102 matres,
561 1025 586 1080 a'
601 1040 658 1100 quio
683 1040 732 1080 eas
752 1021 856 1082 Graeci
880 1022 1012 1100 bugcnes
1031 996 1247 1104 appellant3⁰et
1264 1022 1345 1083 huno
1406 1052 1408 1055 v

198 1128 346 1189 Plautium
370 1129 501 1189 locutum
526 1147 590 1189 esse
615 1128 714 1208 latine,
738 1149 825 1208 quarn
845 1129 977 1190 Hirrium
1001 1137 1169 1209 praetorem
1192 1130 1345 1189 renuntia·

198 1243 262 1295 tum
285 1235 407 1296 Romam
432 1240 462 1297 in
486 1247 621 1298 senatum
646 1240 791 1317 scriptum
815 1236 966 1298 babemus.
1012 1237 1064 1296 sed
1088 1236 1166 1296 bono
1186 1237 1347 1317 animose,

198 1360 257 1402 non
281 1346 379 1404 minus
404 1345 579 1405 satisfaciam
604 1344 671 1424 tibi,
695 1362 782 1423 quam
807 1346 857 1422 qui
881 1343 1044 1422 Bugoniam
1068 1346 1197 1423 scripsit

173 1435 190 1490 ⁶
290 1452 421 1512 Primum
450 1454 480 1511 in
505 1451 615 1512 bubulo
638 1470 746 1530 genere
771 1452 874 1511 aetatis
897 1453 1007 1529 gradus
1030 1452 1171 1512 dicuntur
1195 1460 1347 1535 quattuor,
1361 1478 1485 1520 ro..

199 1545 292 1634 prima
317 1558 490 1638 vitulorum,
519 1560 648 1620 secunda
672 1561 879 1639 iuvencorum,
908 1560 994 1618 tertia
1019 1557 1128 1619 bovum
1151 1558 1346 1641 novellorum,

199 1675 303 1742 quarta
332 1665 506 1726 vetulorum.
557 1667 769 1727 discernuntur
797 1668 828 1725 in
856 1667 950 1743 prima
978 1665 1089 1726 vitulus
1119 1675 1148 1727 et
1177 1666 1283 1748 vitula,
1317 1669 1348 1727 in

200 1772 329 1832 secunda
353 1775 496 1833 iuvencus
520 1783 549 1833 et
574 1776 705 1854 iuvenca,
729 1775 760 1833 in
784 1775 872 1833 tertia
896 1781 926 1832 et
949 1780 1053 1851 quarta
1077 1781 1181 1835 taurus
1200 1782 1231 1835 et
1250 1792 1347 1836 vacca.

201 1898 275 1960 qnae
303 1879 413 1939 sterilis
442 1890 488 1941 est
516 1901 616 1963 vacca,
648 1891 732 1942 taura
761 1880 917 1960 appellata3
952 1899 1025 1959 quae
1055 1900 1212 1963 praegnas,
1244 1881 1348 1942 horda.

200 1985 236 2045 ab
269 2005 304 2046 eo
336 1988 367 2046 in
401 1988 483 2048 lastis
516 1989 579 2048 dies
612 1988 772 2048 hordicalia
800 1990 1003 2068 nominamur,
1037 1989 1116 2066 quod
1144 1996 1207 2049 turn
1236 1988 1348 2050 bordae
1386 2010 1500 2048 ι

176 2091 294 2153 lboves
321 2094 508 2155 inmolautur.
560 2098 612 2174 qui
639 2114 758 2174 gregem
786 2103 987 2156 armentorum
1016 2114 1114 2155 emere
1142 2094 1218 2183 Ἦ,
1247 2095 1349 2157 obser·

200 2220 268 2261 vare
293 2201 382 2260 debet
405 2204 543 2283 primum,
568 2211 600 2263 ut
624 2205 683 2262 sint
707 2221 758 2262 eae
782 2202 912 2281 pecudes
936 2210 1030 2262 aetate
1054 2204 1153 2280 potius
1177 2201 1213 2262 ad
1233 2203 1350 2264 iructos

201 2309 339 2368 serendos
367 2311 500 2386 integrae
529 2328 617 2387 quiam
645 2311 702 2368 iam
731 2317 883 2389 expertae,
912 2317 945 2368 ut
973 2311 1032 2369 sint
1060 2309 1135 2369 bene
1164 2312 1355 2391 conpositae,

202 2423 235 2475 ut
258 2418 382 2493 integris
405 2415 555 2495 membris,
579 2414 731 2495 oblongae,
755 2417 876 2495 amplae,
900 2415 1086 2494 nigrantibus
1105 2416 1257 2499 cornibus,
1282 2417 1360 2480 latis

202 2521 358 2601 lrontibus,
382 2521 475 2582 oculis
495 2523 609 2598 magnis
628 2530 658 2581 et
677 2523 777 2601 nigris,
801 2523 903 2599 pilosis
923 2522 1054 2604 niuibus,
1073 2527 1244 2603 conpressis
1263 2525 1363 2587 malis

274 2796 306 2843 18
325 2792 358 2843 ut
375 2790 432 2843 sint
449 2791 520 2844 bene
538 2791 700 2860 conpositae
718 2808 829 2862 geopon.
849 2792 950 2846 XVII
965 2798 985 2848 2
1023 2791 1124 2847 Uolum.
1150 2793 1227 2849 V11

275 3058 287 3103 1
312 3015 438 3105 bolimon
461 3050 566 3119 boopin
588 3052 616 3104 B
639 3051 743 3105 bolimo
766 3052 870 3120 boopin
893 3052 921 3104 A
944 3047 1079 3121 βούλιμον
1104 3053 1211 3124 βοῶπιν
1236 3054 1262 3108 V
1336 3059 1374 3108 2
1427 3049 1483 3098 Ξ

201 3141 323 3209 supputa
342 3141 369 3193 A
387 3140 491 3209 sepner
515 3140 571 3194 Vn
643 3140 796 3208 ineptam
809 3142 836 3192 n
909 3142 1086 3196 coherere
1103 3141 1158 3195 Vn
1177 3141 1308 3200 aberret
1326 3142 1378 3200 Α
1394 3133 1483 3188 -1

314 3242 325 3269 0
565 3241 579 3269 a
595 3242 607 3269 θ

274 3282 335 3336 nasi
359 3283 532 3336 dulcissimas
551 3242 654 3338 mittes
669 3299 686 3336 a
699 3298 754 3350 quo
769 3282 805 3348 A,
825 3285 870 3337 sed
885 3301 899 3337 c
914 3289 939 3338 et
957 3301 1024 3353 apes
1037 3287 1223 3355 superscripta
1236 3286 1281 3340 A*

204 3379 219 3426 6
243 3373 367 3440 bugones
390 3373 477 3426 VAB
550 3373 622 3426 hunc
643 3372 735 3426 PAB
754 3372 854 3426 hince
927 3380 941 3427 7
967 3391 1049 3442 quam
1070 3375 1160 3429 PAB
1178 3391 1243 3429 cnm
1262 3393 1280 3430 e

203 3459 319 3515 hiarium
339 3461 399 3514 AB
423 3462 561 3514 Victorius
579 3459 702 3515 Hirtium
728 3461 753 3514 V
810 3461 979 3515 8scribtum
998 3464 1026 3517 B
1085 3462 1173 3522 9tibi
1192 3480 1244 3518 orn,
1264 3465 1295 3519 A

203 3549 316 3620 scripsit
339 3551 364 3604 V
381 3549 493 3603 scribsit
510 3550 538 3601 B
558 3550 654 3603 scribit
672 3550 730 3604 Am
908 3608 918 3637 a

276 3645 307 3691 11
332 3639 511 3692 ioucncorum
529 3638 557 3690 B
629 3638 716 3693 tercia
733 3639 760 3692 A
832 3641 935 3694 bonum
955 3641 1042 3695 PAB
1062 3642 1180 3696 boumn
1254 3633 1463 3698 nonelJ·

203 3728 293 3780 lorum
322 3726 421 3780 VA²an
443 3726 556 3780 nouello
579 3726 639 3779 AB
712 3735 745 3782 13
769 3729 857 3783 tercia
878 3729 907 3782 A
981 3736 1014 3783 14
1037 3731 1144 3784 sterelis
1165 3732 1193 3784 A
1267 3740 1459 3802 ΝΘΕ-..Ξ-

203 3831 253 3868 nas
272 3815 299 3867 B
318 3832 441 3884 praguas
461 3816 488 3869 A
506 3832 662 3884 praegnans
685 3817 712 3870 V
777 3824 809 3872 15
827 3817 857 3871 in
879 3819 959 3873 fastis
983 3818 1043 3873 dies
1065 3818 1091 3872 V
1110 3818 1273 3875 infastidies
1294 3822 1330 3879 A
1341 3810 1457 3871 Π

293 3903 454 3958 nominatur
477 3905 594 3959 Ursinus
686 3912 717 3959 16
743 3906 924 3961 immolantur
947 3907 1033 3960 VAB
1123 3909 1254 3980 gregem]
1279 3909 1454 3965 (ξι-Ξῖ

204 3995 390 4048 armentorum
409 3996 440 4048 in
458 3995 581 4063 margine
600 3995 747 4063 adscripsit
765 3995 794 4048 P
850 4001 883 4048 17
903 4011 952 4049 eae
972 3995 1030 4048 PB
1054 4011 1086 4049 ee
1104 3996 1132 4049 A
1151 4013 1220 4054 corr.
1241 3997 1298 4053 hee
1321 3986 1452 4053 ΔΞ*

96 4079 98 4083 ’
203 4085 294 4137 haee
366 4084 472 4139 fructos
493 4084 551 4136 PB
574 4083 681 4137 fructus
701 4083 727 4135 A
807 4088 839 4136 18
863 4086 996 4153 expertae
1015 4085 1043 4138 P
1063 4101 1097 4138 ex
1120 4087 1201 4155 parte
1220 4086 1286 4140 AB
1313 4099 1354 4138 e
1387 4092 1448 4128 :¹-

203 4176 300 4241 pertae
314 4191 338 4228 e.
377 4174 469 4226 ‘Nabal
488 4175 605 4227 aeriani
618 4194 626 4226 :
639 4179 754 4226 ueterem
772 4177 862 4227 lonico
879 4174 1045 4242 scripturam
1064 4180 1157 4229 notam
1174 4175 1268 4242 facere
1286 4162 1447 4246 quo-‘ll

203 4262 301 4315 uacci?
333 4265 364 4316 in
395 4279 481 4316 anano
508 4263 618 4331 scriptis
643 4262 731 4332 igitur
758 4260 890 4330 Experte'
924 4262 1061 4316 Victorius
1105 4279 1109 4288 ·
1150 4264 1298 4333 conposite
1423 4251 1447 4304 Α

205 4350 376 4419 compositae
394 4351 449 4402 VB
464 4392 470 4403 .
485 4352 600 4416 fortasse
619 4354 771 4419 conpactae
846 4357 879 4403 19
898 4350 1019 4405 menbris
1034 4351 1155 4422 ablonge
1169 4353 1197 4406 A
1271 4351 1360 4408 lat·
1369 4337 1446 4407 ⁶3⁸]

204 4438 287 4502 laetis
307 4441 332 4491 A
406 4445 440 4492 20
460 4440 613 4508 conpressis
632 4440 659 4491 A
679 4441 845 4509 compressis
868 4441 922 4495 VB
