3000 5026
515 299 1048 383 aunru'ausrroanruua.11
1285 327 1347 394 121

294 495 352 566 eri
376 513 481 574 graece
505 497 691 574 scripserunt
714 495 871 574 dispersim
896 495 970 556 alius
994 494 1030 555 de
1055 495 1171 575 aliare,
1195 501 1265 556 sunt
1282 495 1350 574 plus

202 604 426 682 quinquaginta.
472 602 609 690 hispan,
636 621 710 685 qutp
734 602 899 680 tuhabpre
922 604 952 662 in
956 602 1100 680 ⁹consilio
1123 595 1247 683 potariS,
1277 607 1375 676 sumit

203 709 277 800 quiid
306 709 461 787 consulere
491 708 583 800 vptes,
612 707 722 768 Hieron
752 708 870 770 Siculus
898 716 928 769 et
951 709 1066 769 Attalus
1090 708 1284 770 Philometor:
1313 709 1350 769 de

203 816 390 896 philosophis
409 816 594 876 Democritus
618 816 768 896 physicus,
793 815 957 895 Xenophon
978 816 1156 896 Socraticus,
1176 815 1350 876 Aristoteles
1415 797 1417 802 ¹

160 933 181 974 5
204 932 234 984 et
258 923 482 1003 Theophrastus
506 925 707 1004 peripatetici,
731 923 875 1002 Archytas
899 922 1113 1004 Pythagoreus,
1136 927 1206 984 item
1232 923 1349 1003 Amphi-

203 1029 310 1090 lochus
346 1029 549 1110 Atheniensis,
586 1030 755 1108 Anaxipolis
793 1029 932 1111 Thasius,
970 1030 1165 1109 Apollodorus
1200 1031 1350 1110 Lemnius,

202 1137 417 1214 Aristophanes
453 1135 598 1217 Mallotes,
636 1138 802 1215 Antigonus
841 1136 998 1218 Cymaeus,
1035 1137 1212 1215 Agathocles
1250 1136 1350 1215 Chius,

202 1243 378 1322 Apollonius
398 1243 608 1325 Pergamenus,
626 1245 815 1305 Aristandros
831 1244 1030 1325 Atheniensis,
1048 1244 1194 1305 Bacchius
1209 1243 1350 1323 Milesius,

199 1350 277 1410 Bion
290 1349 404 1430 Soleus,
420 1349 616 1412 Chaeresteus
626 1359 656 1412 et
667 1351 812 1412 Chaereas
822 1351 1028 1433 Athenienses,
1042 1351 1188 1411 Diodorus
1198 1350 1351 1431 Prieneus,

114 1477 157 1516 ιο
194 1457 278 1518 Ilion
299 1456 508 1538 Colophonius,
527 1458 693 1537 Diophanes
712 1458 892 1539 Nicaeensis,
911 1457 1058 1538 Epigenes
1073 1457 1213 1538 Rhodios,
1228 1458 1350 1536 Euagon

192 1564 346 1644 Thasius,
378 1563 544 1643 Euphronii
576 1551 648 1645 duo,
681 1584 759 1626 unus
787 1565 989 1645 Atheniensis,
1022 1569 1100 1626 ulter
1126 1564 1351 1645 Amphipolites,

183 1669 346 1749 Hegesias
361 1669 529 1751 Maronites,
548 1672 701 1733 Menandri
716 1673 783 1752 duo,
803 1690 880 1732 unus
895 1672 1048 1753 Prieneus,
1064 1671 1138 1732 alter
1152 1670 1351 1752 Heracleotes,

176 1777 339 1842 Plicesius
363 1777 535 1862 Maronites,
558 1779 684 1859 Pythion
707 1778 849 1838 Rhodius.
895 1779 931 1839 de
955 1778 1091 1858 reliquis,
1117 1784 1372 1858 quorum-quaet

183 1885 296 1949 fuerit
319 1887 414 1963 patria
438 1905 497 1946 non
521 1889 630 1967 accepi,
654 1893 724 1946 sunt
745 1885 919 1965 Androtion,
943 1884 1115 1966 Aeschrion,
1139 1887 1351 1966 Aristomenes,

114 2017 137 2057 ic
180 1991 422 2072 Athenagoras,
464 1993 579 2075 Crates,
621 1993 723 2074 Dadis,
762 1993 931 2074 Dionysios,
967 1992 1131 2075 Euphiton,
1169 1992 1351 2074 Euphorion,

279 2249 293 2296 1
315 2243 369 2309 Qui
389 2258 487 2312 graece
507 2222 678 2313 scripserunt
699 2244 801 2299 Colum.
822 2240 871 2297 1'1
878 2286 884 2312 ,
901 2248 918 2299 7

178 2483 370 2551 inaurant,
403 2500 437 2536 ae
468 2484 581 2552 aliquod
612 2486 656 2539 hic
687 2487 813 2540 mendum
840 2486 935 2540 lateat:
967 2485 1013 2540 aed
1040 2501 1074 2540 ue
1101 2485 1219 2555 antiqua
1245 2484 1353 2554 quidem

175 2572 346 2642 scriptura
369 2573 445 2627 omui
463 2573 522 2626 lube
540 2578 635 2643 occat,
655 2575 815 2644 Reperitas,
834 2576 906 2630 euim
923 2576 1008 2630 habet.
1049 2575 1140 2646 Quare
1159 2575 1274 2629 amount
1293 2590 1352 2627 cru·

171 2659 272 2729 diti,
296 2680 334 2716 on
356 2661 491 2730 Repetas,
511 2662 651 2732 legendum
668 2664 720 2718 sit'
745 2663 882 2719 Victorius

278 2787 344 2842 ahi
369 2787 433 2840 sunt
455 2750 522 2840 Vii
545 2788 611 2839 sunt
628 2786 656 2840 A
679 2786 700 2841 ii
719 2789 784 2842 sunt
802 2789 830 2843 Β
849 2787 890 2851 hii
909 2790 974 2841 sunt
990 2806 1017 2842 m
1090 2787 1223 2843 conscilio
1242 2787 1270 2842 A
1289 2805 1352 2843 con-

165 2870 269 2929 cilio
295 2895 323 2932 m
395 2892 459 2929 cum
486 2875 565 2945 quid]
595 2875 715 2943 uunquid
738 2877 765 2928 A
838 2883 853 2929 3
886 2877 992 2944 hyeron
1010 2877 1038 2928 Β
1110 2882 1127 2929 4
1150 2875 1274 2945 phisicus
1293 2877 1353 2929 AB

275 2971 293 3020 5
318 2964 528 3034 Theophrastus
556 2962 583 3016 V
605 2962 790 3032 theophratus
814 2964 874 3015 AB
945 2962 1083 3031 Archytas
1108 2965 1136 3016 P
1158 2965 1269 3031 aroytas
1293 2964 1353 3017 AB

160 3045 325 3110 Archias
348 3072 365 3109 o
440 3053 630 3122 pythagoreus
654 3052 711 3106 VB
733 3053 903 3122 pytagoreus
924 3054 951 3105 A
1023 3050 1227 3122 Amphilochus
1248 3052 1276 3104 P
1298 3069 1353 3105 am-

158 3134 364 3206 Phyloohus
379 3141 439 3197 AB
453 3141 664 3211 Amphiloeuso
729 3141 872 3196 tthasius
887 3142 977 3196 PAB
991 3141 1142 3196 tharsiuso
1206 3145 1353 3209 leymeus

161 3221 300 3289 PAR
315 3232 461 3304 eynieuso
533 3228 766 3299 agathoclesAB
780 3231 930 3301 Agatocles
945 3231 972 3285 V
1041 3228 1238 3300 8Apollonius
1253 3245 1352 3299 perga-

160 3325 304 3378 menus
339 3322 367 3375 P
397 3319 555 3390 apollonius
587 3334 789 3389 pergamenses
817 3321 845 3374 B
877 3321 1052 3390 appollonius
1084 3334 1287 3390 pergameneus
1316 3318 1353 3386 A,

162 3396 234 3455 hoc
271 3412 334 3467 loeo
353 3427 417 3478 om,
439 3411 486 3465 sed
503 3426 591 3478 supro
610 3408 772 3477 Anaxipolis
790 3409 913 3464 tharsius
932 3408 1097 3480 Apollonius
1116 3424 1319 3478 pergameneus
1338 3425 1354 3461 o

272 3498 417 3555 Bacchius
437 3499 493 3553 VB
507 3498 660 3553 bachiusA
733 3505 749 3552 9
769 3497 950 3554 Chaeresteus
966 3499 1200 3554 VeheresleusB
1215 3500 1354 3551 ceresteus

171 3572 256 3634 Am
295 3587 458 3644 Chaeristus
482 3589 596 3643 Plinius
623 3589 654 3642 ic
676 3589 768 3642 indier
790 3592 933 3642 auctorum
957 3589 1036 3643 t.17.
1057 3593 1093 3642 18
1117 3586 1250 3642 Chrestus
1274 3584 1353 3640 Colc-

174 3669 287 3730 mella
307 3680 401 3744 [aa
474 3671 612 3731 Chaereas
637 3677 663 3730 V
684 3676 797 3748 chereas
817 3674 876 3730 AB
947 3662 1077 3746 prieneus
1089 3675 1148 3733 Am
1166 3675 1314 3745 prienaeus
1332 3674 1358 3728 V

176 3753 356 3821 Pfienneus
370 3768 399 3821 Β
473 3772 506 3820 10
520 3764 655 3838 nicgensis
672 3765 730 3820 ΡΒ
743 3765 881 3819 nicaensis
897 3765 924 3818 A
943 3764 1097 3820 nicensiso
1169 3763 1282 3818 rhodios
1296 3763 1355 3818 PB

183 3844 301 3912 todiog
324 3856 352 3910 A
380 3854 534 3909 rhodiuso
611 3871 719 3924 euagon
747 3853 836 3908 tasius
860 3855 917 3908 VB
946 3869 1049 3924 euagor
1076 3853 1165 3909 tasius
1184 3854 1244 3908 Am
1322 3858 1353 3905 11

188 3939 357 4005 euPhranii
384 3944 472 3999 VAB
495 3944 664 4014 euphronius
681 3944 803 3997 ‘Plinius
825 3948 850 3998 et
869 3942 1017 3997 Columella
1089 3941 1260 3996 atheniensis
1283 3941 1356 3994 alter

191 4026 434 4105 acmphipoliteso
449 4031 619 4087 atheniensis
633 4032 833 4102 amphipolites
845 4031 935 4084 PAB
992 4037 1022 4083 12
1037 4029 1167 4097 hegesias
1178 4030 1235 4083 ΡΒ
1246 4028 1355 4096 egesias

194 4103 267 4169 Am
291 4122 425 4193 Aegesias
449 4140 465 4175 o
536 4123 683 4191 prienaeus
712 4121 738 4175 V
759 4119 880 4191 prienais
901 4120 929 4172 A
952 4117 1093 4188 prienneis
1111 4119 1139 4170 Β
1162 4117 1310 4186 prienneus
1329 4133 1355 4169 m

281 4212 473 4267 heracleothes
495 4211 522 4264 A
601 4217 634 4265 13
662 4209 757 4265 rodius
781 4210 808 4263 A
882 4215 915 4262 14
943 4206 1070 4281 eschrion
1095 4207 1154 4261 PB
1182 4204 1309 4260 eschrion
1327 4203 1355 4257 A

194 4277 420 4356 Aestuariono
494 4298 592 4371 Dadis]
621 4299 720 4353 dandis
748 4300 909 4353 Columelloc
936 4298 1019 4352 codex
1042 4295 1285 4366 Suupcrmaaenaa'a

178 4357 359 4457 *Dionysias
381 4389 408 4442 P
425 4388 575 4457 dyonisyos
590 4390 617 4442 A
637 4387 777 4457 dyonisios
794 4389 821 4442 Β
839 4387 989 4456 Dionysius
1007 4403 1023 4440 o
1096 4384 1252 4455 Euphiton]
1272 4384 1354 4451 eyhe-

187 4450 268 4526 ton
283 4477 440 4534 Columellas
463 4479 546 4534 codex
564 4477 808 4548 Saepermoaeuais
879 4474 1075 4547 Euphorione
1094 4474 1247 4545 eophorion
1266 4472 1355 4531 PAB
