3000 5026
184 285 249 347 272
676 283 861 338 vnunoms

185 459 218 510 ut
245 451 411 529 decipiaris.
457 459 566 528 quotus
594 452 721 529 quisque
751 453 830 509 enim
856 458 1035 529 estonum,
1062 468 1122 527 quo
1146 467 1207 509 non
1230 449 1332 510 rideas

185 556 305 634 epulum
333 565 385 617 aut
411 557 595 636 triumphum
623 565 675 616 aut
702 556 824 634 collegia
847 575 907 616 non
931 555 1060 635 epulari,
1082 575 1159 635 quae
1182 575 1265 616 nnnc
1287 559 1331 616 in·

185 663 385 723 numerabiles
408 663 571 724 incendunt
594 660 762 724 annonam?
807 663 865 722 Sed
888 671 1013 742 propter
1035 662 1197 736 luxuriam,
1224 665 1333 742 inquit,

138 777 178 832 17
191 769 317 848 quodam
341 770 428 830 modo
451 770 571 848 epulum
595 771 776 831 cotidianum
795 780 842 831 est
859 772 938 830 intra
957 773 1060 830 ianuas
1077 769 1197 830 Romae.
1226 769 1334 830 Nonne

186 879 257 937 item
277 876 307 937 L.
326 877 486 956 Abuccius,
504 877 601 957 homo,
621 888 655 938 ut
673 880 766 957 scitis,
785 879 918 956 adprime
937 877 1054 957 doctus,
1072 880 1159 938 cuius
1178 877 1334 938 Luciliano
1360 895 1373 934 s

186 984 357 1045 charactere
377 994 447 1045 sunt
464 985 565 1064 libelli,
583 985 703 1046 dicebat
720 988 750 1046 in
766 985 878 1046 Albano
898 985 1023 1046 lundum
1041 1004 1129 1045 suum
1146 983 1335 1064 pastionibus

186 1110 305 1170 semper
331 1094 409 1153 vinci
437 1112 454 1152 a
482 1089 572 1153 villa?
603 1112 706 1171 agrum
735 1095 814 1152 enim
841 1094 941 1152 minus
968 1092 1072 1152 decem
1095 1090 1175 1151 milia
1198 1091 1336 1171 reddere,

188 1199 283 1258 villam
316 1199 383 1277 plus
411 1202 521 1260 vicena.
572 1201 651 1260 idem
680 1200 846 1260 secundnm
874 1217 969 1277 mare,
998 1217 1058 1282 qim
1085 1197 1152 1280 loco
1180 1197 1296 1294 Q»
1310 1200 1336 1257 si

97 1380 100 1384 .
187 1315 321 1393 pamsset
344 1305 449 1395 villam,
472 1325 504 1366 se
528 1325 618 1385 supra
644 1316 764 1367 centum
789 1306 868 1366 milia
891 1324 908 1366 e
928 1305 993 1365 villa
1014 1314 1207 1383 recepturum
1226 1303 1335 1383 [agro]

188 1430 241 1489 age
264 1431 325 1473 non
349 1411 385 1472 M.
409 1412 480 1472 Cato
503 1431 613 1494 nuper,
639 1432 708 1473 cum
733 1412 851 1474 Luculli
873 1415 989 1491 accepit
1011 1411 1148 1492 tutelam,
1170 1430 1187 1471 e
1210 1414 1335 1491 piscinis
1349 1424 1383 1462 1⁰·

140 1521 257 1582 18eius
281 1519 474 1597 quadraginta
497 1519 617 1580 milibus
640 1523 787 1580 sestertiis
805 1520 937 1581 vendidit
955 1516 1068 1598 piscis?
1099 1520 1201 1598 Axius,
1224 1518 1337 1580 Merula

188 1627 238 1705 mi,
261 1628 367 1705 inquit,
391 1629 491 1704 recipe
516 1645 563 1686 me
587 1645 697 1706 quaeso
722 1626 901 1705 discipulum
924 1626 1069 1687 villaticae
1091 1627 1247 1712 pastionis.
1277 1625 1338 1707 llle,

189 1732 247 1802 Qui
270 1733 394 1793 simulac
418 1736 591 1811 promiseris
615 1734 770 1813 mineram,
793 1736 948 1813 incipiam,
971 1737 1078 1813 inquit,
1100 1733 1131 1794 id
1153 1742 1200 1793 est
1223 1752 1337 1794 cenam.

189 1838 251 1916 Ego
275 1858 344 1900 nero
368 1859 427 1899 non
451 1859 567 1920 recuso,
592 1840 637 1900 vel
661 1841 748 1901 hodie
772 1860 809 1900 ex
832 1843 889 1901 ista
907 1843 1042 1919 pastione
1062 1839 1177 1900 crebro.
1214 1841 1338 1919 Appius,

189 1944 285 2005 Credo
322 1946 446 2007 simulac
483 1950 612 2026 primunr
645 1966 680 2007 ex
713 1950 771 2008 isto
804 1947 932 2008 villatico
963 1966 1072 2027 pecore
1104 1948 1217 2007 mortni
1250 1954 1338 2026 erunt
1351 1955 1383 1992 ¹-

189 2071 310 2112 anseres
338 2062 389 2114 aut
412 2072 550 2133 pavones.
597 2056 651 2116 Cui
674 2056 737 2136 ille,
765 2055 841 2126 Quid
866 2059 946 2116 eninr
969 2058 1107 2135 interest,
1134 2065 1237 2114 utrum
1261 2073 1337 2114 mor·

190 2161 296 2220 ticinas
323 2161 412 2222 editis
441 2161 577 2222 volucres
608 2183 644 2222 an
673 2166 784 2245 pisces,
812 2182 887 2242 qnos
914 2165 973 2223 nisi
998 2171 1133 2222 mortuos
1156 2163 1231 2222 estis
1254 2179 1338 2222 num-

190 2265 301 2345 quam?
328 2267 379 2326 sed
400 2286 452 2327 oro
472 2278 513 2348 te,
536 2271 644 2348 inquit,
663 2269 771 2329 induce
790 2287 838 2329 me
857 2271 887 2329 in
907 2271 983 2328 viam
1000 2268 1174 2348 disciplinae
1194 2268 1339 2329 villaticae

190 2375 333 2450 pastionis
356 2392 390 2433 ac
414 2376 471 2434 vim
494 2375 679 2454 formamque
702 2377 768 2434 eius
791 2394 914 2454 expone.

263 2691 297 2739 10
316 2703 369 2756 age
387 2702 443 2740 non
462 2687 499 2740 M.
519 2687 589 2742 Cato
611 2689 736 2743 Macron
754 2693 862 2744 emron.
877 2688 992 2755 11115,
1006 2694 1025 2744 6
1039 2688 1142 2744 Colum.
1163 2689 1252 2746 VIII
1262 2694 1341 2757 16,5

193 2775 268 2831 Petu.
288 2781 316 2841 o,
336 2779 391 2829 170

193 2957 406 2966 ———-

245 3085 261 3130 2
281 3077 401 3147 collegia
420 3077 605 3148 nonnepulari
623 3080 650 3131 A
704 3080 790 3150 nunc]
808 3097 866 3133 nun
885 3082 912 3134 A
966 3087 983 3133 3
1002 3080 1156 3136 incendunt
1172 3082 1232 3136 PB
1246 3082 1383 3136 incen—

193 3166 321 3220 duudnnt
338 3167 366 3220 A
389 3167 540 3220 intendunt
560 3183 577 3221 o
654 3183 774 3220 anonam
799 3166 826 3220 V
894 3167 989 3236 inquit
1006 3168 1055 3224 Bo
1078 3168 1178 3236 inquid
1196 3169 1254 3223 PA
1326 3172 1383 3221 Ι

193 3256 304 3325 epulnm
324 3257 538 3324 superscriptum
556 3257 587 3309 in
605 3256 632 3308 Β
705 3260 721 3308 5
741 3255 874 3309 abuccins
896 3256 987 3310 PAR
1006 3257 1130 3312 albutius
1149 3275 1174 3312 v.
1214 3257 1291 3312 ‘Non
1308 3270 1383 3311 ΒΞ

193 3344 261 3398 item
280 3344 311 3399 L.
330 3342 468 3398 Albutius.
506 3345 588 3398 Nihil
611 3345 777 3398 immutaui:
794 3345 826 3397 in
844 3346 954 3413 optimis
971 3352 1061 3400 tamen
1079 3347 1284 3415 cumpluribus
1301 3348 1383 3401 lti-

194 3433 340 3487 Abuccius.
368 3433 473 3486 Iterum
492 3435 564 3487 idem
583 3450 680 3488 manen
697 3434 747 3486 hoc
765 3433 825 3500 ipso
843 3435 876 3486 ic
889 3434 967 3500 libro,
985 3436 1035 3489 ubi
1048 3436 1081 3489 de
1097 3434 1263 3490 Pauomtus
1277 3437 1383 3505 apt!

192 3528 217 3574 et
235 3523 267 3575 ic
286 3524 392 3575 cucuma
410 3522 543 3574 Albutius
560 3526 606 3574 est.
648 3521 683 3576 Vt
701 3523 809 3590 quidem
827 3522 967 3577 Abuccius
980 3524 1106 3577 habebat’
1133 3523 1274 3580 Victorius

194 3610 319 3679 adprime
334 3613 360 3662 A
379 3608 506 3678 apprime
527 3608 584 3662 VB
656 3609 789 3665 luciliano
807 3609 863 3664 VB
882 3608 1025 3666 luciniano
1039 3613 1066 3664 A
1085 3611 1230 3669 luciniano
1245 3632 1274 3668 m

195 3706 210 3751 6
230 3699 390 3751 charactere
405 3697 432 3751 A
447 3699 589 3751 caractere
608 3698 635 3752 V
647 3700 826 3754 characihere
841 3701 869 3754 Β
920 3706 935 3754 't
954 3699 1071 3755 reddere
1086 3702 1128 3756 bio
1140 3702 1286 3771 scriptum,
1300 3721 1383 3758 sea

190 3788 340 3855 posteriore
358 3786 415 3840 loco
434 3787 548 3841 detetm
566 3793 605 3841 est
622 3789 654 3842 in
672 3789 699 3842 A
771 3796 787 3843 9
807 3807 835 3844 so
853 3791 1068 3858 superscriptum
1085 3791 1117 3844 ic
1136 3791 1164 3844 A
1231 3796 1383 3848 centnm:

195 3875 274 3929 milia
297 3892 312 3928 e
336 3876 406 3929 uilla
426 3877 454 3930 P
475 3879 587 3931 centum
610 3877 706 3932 miliae
728 3877 799 3931 nilla
817 3879 845 3932 Β
859 3881 975 3932 centum
1000 3878 1077 3932 milie
1096 3879 1166 3933 uilla
1183 3881 1213 3933 A
1233 3885 1383 3936 centur:

196 3965 275 4019 milia
292 3965 396 4020 uillao
459 3967 635 4034 recepturum
655 3983 723 4035 agro
741 3951 794 4035 ago
813 3968 875 4021 AB
892 3971 1068 4036 recepturum
1086 3968 1147 4037 Age
1170 3968 1199 4020 V
1252 3977 1287 4026 10
1304 3970 1383 4024 lin

195 4053 483 4110 'culliBolucilliPA
528 4061 560 4109 11
574 4055 1119 4110 sestertiiaBsesicrticPAsesterciiso
1164 4048 1383 4126 piscisPA'

194 4144 310 4214 pisceso
358 4151 389 4197 12
405 4146 497 4214 inquit
510 4144 565 4200 VB
578 4145 675 4213 inquid
687 4145 714 4197 A
761 4150 793 4198 13
809 4143 856 4214 qui
866 4144 983 4198 simulac
995 4144 1078 4199 VAB
1088 4143 1154 4211 quin
1164 4145 1383 4205 simulacIffi

195 4235 302 4288 cunam
374 4233 520 4300 mineruaL
539 4233 570 4287 id
589 4237 633 4289 est
650 4249 774 4300 coenam,
793 4232 929 4302 incipiam
944 4233 1235 4301 inquitSctuetderus
1304 4233 1383 4289 itt

196 4321 258 4388 quit
281 4321 337 4374 VB
355 4321 453 4389 inquid
472 4323 498 4376 A
572 4340 687 4378 coenam
711 4322 738 4376 V
795 4327 829 4375 14
846 4322 931 4376 Axius
952 4340 1004 4392 ego
1023 4340 1088 4378 nero
1107 4341 1163 4378 non
1181 4342 1283 4381 recuso
1300 4328 1383 4379 nt

196 4407 290 4475 hodie,
308 4411 337 4463 et
355 4426 388 4462 ex
406 4410 463 4462 ista
479 4411 608 4480 pastione
627 4414 723 4466 crebro
742 4410 887 4465 Iucumdus
961 4418 993 4466 18
1012 4409 1106 4479 inquit
1129 4412 1186 4468 VB
1205 4413 1304 4483 inquid
1316 4443 1383 4467 a
