3000 5026
215 326 280 390 310
707 281 893 380 unaaoms

213 491 397 552 Menecrates
422 491 539 572 scribit,
563 492 635 572 dno,
663 493 747 569 niger
777 499 806 551 et
831 493 941 571 varius,
970 493 1021 569 qui
1044 493 1084 551 ita
1107 491 1226 573 melior,
1256 501 1291 552 ut
1313 511 1360 552 ex-

215 599 315 676 pediat
339 598 480 679 mellaria,
504 618 571 658 oum
596 599 655 658 duo
680 600 738 658 sint
762 603 793 658 ln
817 599 919 658 eadem
944 599 1016 680 alvo,
1040 600 1209 659 interficere
1235 602 1362 680 nigrum,

215 725 282 766 eum
312 707 351 766 sit
381 725 449 766 erint
474 706 566 766 altero
591 725 674 787 rege,
703 724 768 765 esse
792 706 966 765 seditiosum
990 715 1019 766 et
1043 698 1234 784 eorrumpere
1260 706 1363 786 alvom,

167 813 296 890 19quod
331 814 413 890 fuget
445 823 495 872 aut
528 832 596 873 enm
629 813 817 873 multitudine
850 813 978 890 fugetur.
1031 813 1066 872 de
1100 813 1223 891 reliquis
1257 812 1363 891 apibus

214 921 323 997 optima
357 930 402 979 est
434 938 522 999 parva
555 922 634 979 varia
668 919 805 979 rutunda.
862 920 910 978 fur
944 921 995 997 qui
1028 918 1193 999 vocabitur,
1226 919 1264 978 ab
1298 918 1364 978 aliis
1404 934 1439 973 5

214 1027 309 1107 fucare,
334 1035 380 1086 est
399 1034 462 1085 ater
483 1024 556 1102 [est]
575 1025 633 1084 lato
655 1033 765 1085 ventre.
812 1043 913 1104 vespa,
933 1043 1007 1102 quae
1028 1024 1254 1085 similitudinem
1273 1024 1365 1085 habet

215 1135 291 1213 apia,
319 1152 416 1210 neque
445 1133 524 1191 socia
553 1140 598 1191 est
626 1134 725 1210 operis
749 1141 779 1192 et
802 1150 910 1191 nocere
935 1132 1010 1191 solet
1033 1151 1148 1205 morsu,
1178 1150 1268 1210 quam
1292 1150 1367 1209 apes

166 1243 168 1248 '
215 1261 230 1299 a
259 1259 290 1299 se
320 1248 488 1299 secernunt.
539 1239 593 1298 liae
622 1239 762 1299 differunt
789 1241 869 1298 inter
897 1257 941 1318 se,
977 1257 1050 1316 quae
1080 1239 1158 1298 ferae
1188 1248 1217 1298 et
1246 1241 1370 1299 rieures

216 1355 293 1406 sunt.
340 1364 419 1406 nune
449 1346 526 1405 feras
555 1346 634 1425 dieo,
665 1364 739 1424 quae
769 1348 798 1405 iu
828 1344 1014 1405 silvestribus
1043 1345 1115 1406 loeis
1134 1348 1297 1426 pasoitant,
1327 1348 1371 1406 ei-

216 1472 316 1532 oures,
351 1471 424 1530 qnae
457 1455 487 1512 in
521 1452 618 1512 cultis
665 1451 815 1511 silvestres
845 1454 974 1511 minores
1004 1461 1073 1512 sunt
1101 1453 1308 1531 magnitudine
1338 1462 1375 1513 et
1400 1462 1478 1501 1⁰

217 1560 336 1639 pilosae,
361 1559 411 1618 sed
437 1559 557 1635 opifrees
583 1559 683 1635 magis.

304 1664 336 1723 ln
361 1663 485 1724 emendo
509 1671 674 1740 emptorem
697 1664 797 1724 ridere
821 1672 950 1744 oportet,
975 1664 1090 1724 valeant
1113 1683 1150 1724 an
1170 1666 1232 1725 sint
1251 1684 1380 1744 aegrae.

168 1775 210 1831 20
222 1774 354 1831 sanitatis
384 1773 478 1850 signa,
507 1772 532 1829 si
561 1779 632 1830 sunt
655 1771 827 1848 frequentes
850 1773 881 1830 in
905 1773 1051 1850 examine,
1080 1780 1109 1831 et
1133 1773 1159 1831 si
1182 1772 1313 1854 nitidae,
1342 1781 1385 1833 et

217 1881 243 1938 si
271 1897 345 1958 opus
379 1877 456 1955 qnod
490 1877 602 1936 faciunt
630 1886 676 1937 est
704 1877 856 1955 aequabile
886 1897 919 1938 ao
948 1877 1020 1938 leve.
1072 1880 1172 1938 minus
1202 1879 1390 1965 valentium·

218 1987 314 2065 signa,
344 1987 369 2044 si
400 1994 470 2045 sunt
492 1984 603 2063 pilosae
628 1993 657 2044 et
680 1984 831 2065 horridae,
861 1993 894 2044 ut
916 1983 1152 2065 pulverulentae,
1181 1986 1244 2045 nisi
1268 1987 1388 2065 opifici
1475 1991 1495 2031 1⁵

218 2111 267 2151 eas
307 2100 392 2169 urget
425 2100 556 2169 tempus:
593 2100 657 2151 turn
690 2093 769 2151 enim
801 2100 924 2170 propter
957 2091 1087 2151 laborem
1120 2100 1305 2168 asperantur
1340 2111 1390 2154 ac

170 2202 418 2258 21mareescnnt.
470 2199 494 2256 si
527 2198 749 2257 transferendae
779 2207 849 2258 sunt
879 2196 984 2275 [alvos]
1013 2200 1044 2258 in
1073 2197 1162 2258 alium
1191 2197 1311 2281 locum,
1345 2198 1390 2260 id

218 2306 315 2365 faeere
340 2304 497 2384 diligenter
522 2313 640 2383 oportet
664 2313 693 2364 et
716 2312 859 2384 tempora,
882 2305 990 2383 quibus
1009 2305 1038 2363 id
1059 2305 1250 2382 potissimum
1272 2306 1393 2386 faeiaS‚
1424 2357 1471 2375 -

220 2411 513 2471 animadvertendum
541 2419 571 2470 et
599 2409 676 2489 laea,
710 2429 767 2488 quo
797 2411 972 2492 transieras,
1003 2411 1108 2471 idonea
1136 2412 1474 2489 providendum:

59 2528 62 2535 ⁴
131 2584 134 2589 ,
220 2498 366 2596 tempora,
395 2526 428 2577 ut
456 2535 547 2576 verno
576 2518 676 2594 potius
705 2535 793 2594 quam
816 2516 954 2598 hiberno,
984 2517 1062 2595 quod
1086 2517 1182 2577 hieme
1207 2519 1496 2584 limentana

221 2630 420 2684 consuescunt
445 2621 551 2701 [quod]
576 2621 734 2682 translatae
757 2641 889 2703 manere,
918 2627 1018 2702 itaque
1042 2624 1161 2702 fugiunt
1183 2624 1475 2706 plerumquae.

221 2734 245 2791 si
280 2729 406 2790 e·bono
439 2729 504 2789 loeo
535 2729 723 2790 transtuleris
757 2748 804 2811 e0,
838 2729 889 2790 ubi
921 2731 1025 2791 idonea
1054 2731 1205 2809 pabulatio
1234 2752 1298 2794 non
1328 2737 1476 2821 sin,

222 2947 234 2969 ·.
291 2925 306 2971 2
327 2917 455 2971 mellaria
469 2917 529 2972 AB
538 2917 683 2972 melliaria
699 2918 727 2970 P
740 2918 907 2975 melliarioo
977 2935 1038 2972 eum
1053 2919 1108 2974 duo
1123 2919 1181 2975 sint
1196 2921 1299 2976 eadem
1314 2922 1361 2978 A
1372 2929 1471 2982 -u

225 3004 363 3061 Victorias
386 3023 448 3060 oum
474 3007 529 3061 duo
553 3009 618 3060 sunt
640 3007 737 3062 eadem
763 3008 817 3062 Vm
889 3015 991 3063 3oum
1011 3009 1049 3062 sit
1068 3009 1161 3064 PAB
1178 3026 1265 3079 quem
1286 3011 1362 3067 sest.
1453 3034 1467 3070 a

290 3096 384 3149 aluam
403 3094 491 3149 PAB
520 3095 616 3150 aluum
639 3112 654 3149 a
727 3102 743 3150 5
772 3095 879 3165 optima
908 3099 950 3150 est
977 3114 1065 3166 parua
1089 3098 1239 3154 reamare
1265 3101 1463 3170 optima

221 3183 250 3236 et
277 3200 364 3252 parua
393 3183 449 3238 VA
478 3183 584 3254 optime
612 3186 642 3238 et
668 3201 757 3254 parua
779 3185 806 3236 B
878 3186 1000 3239 rutunda
1024 3186 1115 3240 PAB
1138 3187 1303 3244 rotundae

220 3269 369 3326 uocabitur
389 3272 479 3326 PAB
498 3274 649 3328 uocaturo
695 3341 697 3347 k
732 3273 858 3344 illucue]
878 3275 969 3328 faetus
988 3275 1015 3327 A
1098 3275 1140 3329 eet
1159 3274 1233 3330 alter
1253 3280 1298 3333 est
1314 3278 1455 3333 lato

222 3361 319 3413 uentre
344 3360 431 3414 VAB
451 3363 513 3415 ater
532 3364 575 3415 est
593 3361 652 3415 lato
672 3365 769 3416 uentre
788 3360 910 3431 Scaliger
978 3362 1087 3417 asotia
1104 3364 1133 3416 A
1198 3365 1293 3434 operis
1323 3365 1453 3419 VB

221 3449 298 3518 operi
317 3447 376 3502 Ara
437 3455 528 3517 8qua
546 3450 622 3504 ferae
643 3452 671 3503 et
686 3451 790 3505 eieures
810 3450 989 3506 Schneideras
1048 3451 1140 3506 oieure
1153 3454 1253 3522 priore
1271 3438 1351 3511 loeo
1424 3453 1449 3506 A

308 3544 326 3591 9
350 3555 421 3605 quae
444 3538 473 3591 in
497 3538 671 3592 siluestribus
690 3539 783 3595 A²mu
806 3540 853 3608 qui
877 3539 907 3593 in
931 3540 1105 3595 siluestribus
1123 3541 1217 3596 PAR
1310 3555 1445 3613 pas·

221 3625 310 3680 citant
335 3626 389 3679 rm
408 3625 546 3696 pontiana
564 3626 625 3679 ΑΒ
690 3633 721 3681 11
742 3628 801 3698 sea]
822 3631 850 3682 es
867 3628 895 3683 A
949 3626 1057 3698 opificis
1076 3629 1104 3684 A
1122 3644 1193 3685 corr.
1213 3661 1248 3671 -
1268 3646 1322 3687 ce·
1379 3623 1444 3677 κί’

268 3719 301 3767 14
310 3713 451 3767 fatiuntA
499 3716 1126 3787 15horideut(oorr.autA²lpuluerulenteA
1171 3718 1280 3791 opificii
1290 3710 1442 3775 VAB

277 3806 309 3855 16
325 3819 356 3855 ae
367 3803 426 3855 AB
445 3803 583 3858 Victorias
597 3807 625 3858 et
640 3805 666 3857 V
720 3811 751 3860 ll
766 3809 942 3861 marcescunt
954 3807 1012 3860 PB
1026 3809 1254 3863 maroessountA
1268 3821 1365 3864 mac
1372 3811 1440 3849 εῦ-

221 3892 290 3944 ount
308 3907 324 3943 o
397 3890 420 3944 si
438 3891 643 3947 transferendae
664 3897 728 3948 sunt
747 3895 827 3949 aluos
841 3896 932 3949 PAB
951 3895 976 3949 si
993 3894 1180 3950 transferendi
1195 3900 1264 3953 eunt
1278 3888 1367 3953 alui
1416 3897 1439 3933 m

222 3979 246 4033 si
264 3979 473 4035 transferendae
493 3983 558 4035 sunt
571 3982 629 4036 alui
643 3982 707 4037 Aa,
764 3990 796 4038 19
817 3987 845 4038 et
858 3984 922 4038 looa
937 4016 966 4024 -
984 3983 1189 4053 prouidendum
1198 3986 1238 4049 ,ia
1251 3969 1439 4055 ramim

216 4064 327 4136 vscripta
338 4074 403 4123 aaut
417 4070 486 4124 iaB
536 4077 570 4124 20
584 4088 670 4126 uerno
684 4073 809 4158 tempore
824 4074 956 4142 potinsB
1005 4073 1132 4143 hyberno
1145 4074 1223 4141 quod
1236 4051 1441 4144 hyemat

277 4180 309 4227 21
326 4175 401 4243 quod
415 4177 569 4231 translatae
588 4177 676 4230 VAB
690 4195 744 4245 quo
759 4180 912 4234 translatae
923 4179 995 4234 A²m
1009 4197 1064 4248 quo
1079 4181 1144 4234 sunt
1156 4181 1331 4237 translatae
1347 4154 1432 4222 1*

223 4264 328 4317 caradas
391 4280 504 4319 manere
523 4267 555 4320 ia
574 4268 676 4320 laeaaa
692 4283 741 4322 om.
757 4268 786 4322 B
848 4268 1001 4338 plerunque
1021 4267 1078 4321 VB
1090 4285 1247 4338 perumque
1262 4270 1291 4323 A
1305 4258 1434 4321 Μ·

222 4353 386 4421 plerumque
405 4352 445 4407 Α2
463 4359 494 4408 at
512 4355 619 4409 videtur
673 4361 707 4409 22
726 4356 871 4425 pabulatio
891 4360 921 4412 la
935 4359 1038 4413 laeana
1051 4375 1101 4413 om.
1120 4357 1149 4415 B
1203 4373 1262 4412 non
1277 4329 1434 4425 ³112&st

222 4457 279 4495 non
298 4439 355 4494 sint
373 4441 430 4494 PB
447 4458 503 4495 non
517 4442 561 4504 ,sio
580 4459 605 4496 m
625 4459 680 4496 non
699 4446 741 4499 est
760 4461 775 4498 a
