3000 5026
358 369 488 426 RERVM
506 368 742 425 RVSTIGARVM
760 369 826 425 ΠΒ.
846 365 975 424 19-10
1191 369 1254 432 143
1337 384 1348 396 “

111 533 188 612 apud
221 553 276 596 nos
308 537 339 595 in
372 555 442 615 agro
470 537 601 598 Romano
635 555 668 597 ac
696 536 801 597 Latino
833 538 954 615 ingeris.
1003 538 1107 614 iugum
1139 544 1254 618 vocant,

111 642 188 720 quad
208 645 302 703 iuncti
321 642 410 704 hoves
430 662 489 705 uno
509 644 557 705 die
576 662 697 705 exarare
715 644 840 723 possint.
876 661 994 702 versum
1014 642 1118 705 dicunt
1134 651 1254 703 centum

103 749 201 828 pedes
224 769 344 829 quoquo
364 769 483 812 versum
503 751 687 830 quadratum.
733 752 879 830 iugerum,
903 748 981 830 quod
1001 750 1161 829 quadratos
1179 750 1254 810 duos

103 864 192 917 ectus
219 855 333 918 haheat.
380 867 464 919 actus
492 859 667 939 quadratus,
695 860 747 938 qui
776 866 806 918 et
833 857 909 918 latus
937 865 983 918 est
1010 842 1102 935 pedes
1129 871 1197 918 cxx
1219 858 1278 917 et2

9 986 47 1030 5
99 959 216 1040 longus
243 963 380 1025 totidem:
413 967 438 1025 is
465 966 571 1026 modos
599 984 692 1027 acnua
719 964 809 1026 latine
838 964 1009 1043 appellatur.
1060 966 1156 1042 iugeri
1183 982 1253 1042 pars

90 1070 228 1132 minima
263 1071 373 1132 dicitur
407 1072 584 1150 scripulum,
617 1073 646 1133 id
679 1079 725 1132 est
752 1073 856 1134 decem
887 1071 978 1151 pedes
1009 1079 1038 1131 et
1069 1071 1254 1150 longitudine

91 1183 138 1235 «et
166 1175 324 1239 latitudine
352 1178 537 1258 quadratum.
583 1180 620 1240 ah
647 1180 704 1240 hoc
731 1181 879 1259 principio
907 1154 1062 1239 mensores
1090 1196 1151 1238 non
1168 1196 1252 1238 num·
1311 1249 1317 1261 ι

88 1298 196 1359 quam
226 1282 331 1344 dicunt
353 1286 384 1345 in
408 1285 589 1348 subsicivum
613 1305 678 1346 esse
702 1289 820 1348 unciam
843 1288 907 1364 agri
930 1296 981 1346 aut
1004 1292 1181 1372 sextantem,
1209 1286 1252 1344 sic

82 1388 179 1465 quid
208 1388 303 1473 ahud,
332 1411 400 1453 cum
428 1393 464 1453 ad
492 1394 630 1472 iugerum
659 1402 874 1473 pervenerunt,
902 1393 980 1471 quod
1004 1391 1093 1452 habet
1115 1393 1253 1469 iugerum

9 1534 37 1574 ρ
86 1496 239 1575 scripula
270 1509 663 1580 CCLXXXV111,·quantum
691 1520 723 1561 as
751 1503 889 1580 antiquos
917 1507 1019 1559 noster
1046 1507 1113 1559 ante
1142 1497 1253 1558 bellum

75 1604 251 1689 punicum
278 1604 434 1683 pendebat.
480 1606 549 1667 hina
577 1610 679 1688 iugera
707 1609 786 1687 quod
814 1606 978 1668 aliomulo
1006 1607 1137 1684 primum
1159 1605 1252 1665 divisa

79 1706 284 1773 dicebantur
305 1714 430 1794 viritim,
454 1733 529 1793 quae
551 1714 694 1776 heredem
718 1723 924 1795 sequerentur,
947 1713 1105 1774 heredium
1127 1711 1252 1792 appella-

75 1824 186 1882 runt.
236 1818 309 1880 hoec
341 1829 444 1899 postea
473 1829 593 1883 centum
621 1825 764 1885 centuria.
815 1823 950 1883 centuria
976 1829 1023 1880 est
1051 1819 1192 1899 quadrata
1220 1821 1253 1878 in

76 1937 210 1985 omnes
234 1934 374 2004 quartuor
397 1936 506 2008 partes,
531 1939 564 1990 ut
586 1928 693 1990 habeat
715 1929 807 1989 latera
831 1929 916 2007 longa
935 1928 1044 2006 pedum
1064 1944 1103 1985 00
1122 1944 1162 1984 00
1185 1926 1253 1987 ds.

178 2138 192 2185 1
221 2132 251 2186 in
278 2149 347 2203 agro
369 2133 496 2189 Romano
520 2137 594 2193 Non.
612 2154 640 2204 p.
659 2141 704 2202 53,
721 2141 758 2192 24
829 2134 927 2205 iugum
950 2134 1250 2200 vocantPtin.18,9

175 2225 194 2273 4
212 2221 293 2275 actus
311 2223 463 2290 quadratus
483 2224 585 2279 Uolum.
605 2224 632 2278 V
643 2229 668 2294 1,
684 2228 701 2278 5
774 2229 805 2277 11
826 2224 892 2277 bina
909 2223 1006 2292 iugera
1024 2222 1098 2276 Non.
1111 2238 1139 2290 p.
1155 2225 1202 2288 61,
1216 2225 1251 2275 11

174 2425 192 2472 3
226 2420 389 2490 quadratos]
423 2421 589 2489 quadratum
622 2437 691 2476 carr.
712 2437 795 2475 -os
820 2420 846 2472 A
879 2419 1047 2488 quadratum
1069 2434 1096 2471 rn
1182 2418 1251 2471 dnos

65 2537 183 2596 actus
198 2543 279 2598 ABo
298 2545 367 2598 duos
386 2522 464 2600 octrls
478 2545 506 2599 P
576 2549 592 2598 d
610 2544 634 2598 is
652 2545 752 2600 modus
771 2561 861 2599 senua
874 2544 934 2598 AB
953 2543 976 2598 is
994 2542 1103 2596 modius
1120 2557 1210 2595 nonna
1225 2541 1253 2594 P

65 2619 100 2676 5⁸
129 2628 262 2688 'modius
285 2632 396 2688 aomina
417 2635 509 2689 o.‘ls
533 2634 631 2688 modus
655 2651 745 2689 sonna
764 2633 875 2704 [Latine
893 2635 925 2687 r'n
943 2633 1060 2687 editione
1078 2632 1143 2685 add.
1167 2629 1250 2700 Vict]

68 2721 275 2785 appellatur.
312 2722 398 2777 Hanc
415 2724 553 2778 lectionem
566 2724 599 2778 in
612 2725 737 2778 omnibns
751 2722 955 2792 ardiqniorr'hns
968 2721 1048 2775 libris
1061 2721 1167 2787 inueni,
1185 2736 1252 2773 narn

67 2813 279 2880 ⁰0mmnnem,
293 2813 540 2881 pernnlyatamqne
553 2814 664 2866 inanem
675 2813 754 2880 pnto’
777 2812 914 2866 Victorius
964 2817 980 2864 6
994 2808 1147 2877 scripulum
1161 2807 1252 2863 PAB

70 2901 268 2969 scrupulum
285 2918 332 2956 rna
404 2903 432 2955 et
459 2899 636 2969 longitudine
660 2903 689 2955 et
710 2898 862 2955 latitudine
887 2898 943 2952 VB
966 2900 995 2951 et
1018 2895 1197 2965 longitudine
1222 2900 1251 2950 et

71 2972 258 3044 latitudine
281 2991 311 3045 A
336 2991 367 3044 in
393 2988 571 3058 longitudine
598 2993 628 3044 et
645 2987 797 3043 latitudine
820 2988 968 3042 Iacnndns
991 2985 1022 3038 in
1044 2983 1250 3078 longitudinem

77 3121 117 3174 et,
140 3125 334 3188 latitudinem
352 3152 379 3190 n
403 3134 540 3189 Victorias
612 3139 845 3199 inonnunquam
868 3125 924 3183 VB
996 3071 1250 3183 gssslblffirzliffibffl

196 3225 234 3278 sic
267 3224 347 3295 quid]
380 3223 473 3292 siquid
508 3222 562 3277 VB
595 3219 682 3291 siquis
709 3221 738 3275 A
828 3226 843 3273 9
878 3217 971 3284 ‘Quod
1001 3216 1088 3272 habet
1120 3216 1251 3286 scrupula

83 3292 327 3369 COLXXXVIII.
342 3315 479 3383 quantum
494 3329 533 3368 as.
560 3312 693 3366 Haerent
711 3314 799 3376 aetas,
817 3309 958 3377 eademqne
975 3322 1091 3377 syncera
1110 3308 1196 3362 tertio.
1216 3337 1248 3346 —

88 3381 189 3480 Quod
201 3408 291 3458 tamen
305 3405 342 3457 od
355 3403 577 3473 orthoyraphiam
588 3402 714 3472 pertinet,
728 3385 857 3455 anbobns
871 3397 936 3452 locis
949 3396 1100 3465 scripulum
1114 3397 1135 3463 i,
1149 3412 1206 3450 non
1219 3413 1248 3461 n,

87 3486 131 3528 m
154 3491 246 3556 prima
264 3493 372 3563 syllaba
389 3493 477 3547 habet’
501 3491 637 3546 Victorino
710 3494 743 3543 10
762 3487 885 3558 scripulo
903 3487 931 3541 P
947 3485 1083 3555 scriptula
1100 3485 1160 3538 AB
1175 3501 1249 3538 scru-

89 3604 178 3666 pule
188 3632 233 3672 mr
305 3581 490 3672 cdxxxvlrr
504 3617 532 3669 B
605 3621 637 3669 11
656 3614 746 3682 pende
762 3616 767 3682 Ι
782 3613 965 3682 pendebatA
1034 3615 1065 3664 12
1085 3608 1250 3663 dicebantur

89 3681 181 3756 deest
199 3706 278 3774 apnd
295 3706 420 3762 Nonium
439 3723 469 3774 p.
489 3711 534 3772 61,
554 3710 591 3761 12
662 3703 813 3757 haeredem
837 3702 863 3756 V
932 3698 1095 3755 haeredium
1120 3697 1146 3751 V
1216 3703 1248 3750 13

89 3782 232 3866 eentum]
261 3796 387 3849 centuria
414 3812 484 3851 corr.
508 3797 590 3849 centri
608 3794 637 3848 A
713 3798 748 3846 14
775 3794 808 3845 ut
829 3792 934 3846 hahent
956 3790 998 3844 bio
1019 3789 1151 3857 scriptum
1173 3788 1205 3842 r'n
1221 3787 1250 3840 A

181 3883 264 3954 longa
282 3886 386 3955 pedum
405 3872 513 3952 illicit
535 3884 563 3937 Β
586 3884 692 3953 longo.
709 3923 715 3934 .
732 3897 773 3937 00
794 3877 869 3935 000
889 3869 912 3944 ld
937 3878 1046 3933 dnobus
1069 3878 1166 3931 litteris
1185 3881 1250 3944 post

85 3942 193 4042 long,
206 3975 299 4030 deletis
312 3977 340 4028 A
354 3975 438 4044 longa
457 3988 547 4029 0000
564 3972 584 4025 O
598 3968 622 4042 ld
640 3973 725 4042 pedes
740 3971 769 4025 P
783 3971 869 4039 longa
883 4011 889 4023 .
904 3965 1009 4022 Mmc.
1030 3964 1145 4033 pedesv
1164 3965 1250 4031 longa

82 4048 210 4116 Pedum
233 4079 273 4119 00
287 4064 366 4119 ooo
399 4065 482 4119 earn
519 4062 643 4118 risores.
690 4062 770 4117 ‘cam
798 4061 919 4115 stadium
945 4077 1032 4113 meam
1058 4052 1250 4119 exprimendae

81 4137 283 4221 &diurnitatis
301 4170 357 4208 non
376 4154 440 4207 bene
456 4154 635 4221 percepissent
653 4168 761 4218 operae,
780 4166 849 4219 qnae
862 4156 958 4218 postea
976 4150 1059 4203 libros
1077 4152 1249 4214 receserunt,

79 4225 242 4310 ⁸⁹²tranare
268 4244 341 4298 hanc
364 4244 450 4297 loenrn
472 4242 663 4310 deprecarent
677 4261 684 4293 ε
700 4241 804 4310 Quibus
827 4241 899 4294 enirn
921 4239 993 4294 notis
1014 4254 1121 4292 summa
1138 4238 1249 4306 pedam,

78 4313 180 4400 Qec
201 4332 351 4387 cantariam
378 4331 542 4397 conficiunt,
570 4330 602 4384 in
624 4330 724 4397 optimo
747 4327 896 4396 exemplari
917 4328 1053 4397 descripta
1076 4333 1127 4393 est,
1154 4327 1250 4381 iisdem

80 4403 137 4456 ιη
171 4427 258 4476 nostro
285 4421 375 4476 codiee
401 4419 541 4489 desiynarr'
567 4419 696 4474 nolebam.
739 4404 786 4472 Sic
813 4422 902 4471 antem
925 4418 957 4471 r'n
979 4417 1027 4471 illo
1049 4419 1180 4485 sariptnnr
1203 4422 1249 4481 est,

83 4471 216 4563 ¹⁴³Qduni
229 4524 268 4565 00
283 4524 323 4565 00
338 4507 358 4561 C
373 4515 406 4569 Β.
450 4508 636 4578 Typoaraplri
655 4508 765 4574 lineam,
794 4525 848 4575 qna
872 4511 1009 4574 postrema
1033 4507 1114 4559 litera
1135 4507 1249 4559 dissecta
1288 4529 1293 4537 ·

169 4604 228 4649 (liro
241 4621 274 4650 nl
287 4620 347 4650 Aeser
361 4619 380 4649 c.
1003 4600 1036 4648 10
