3000 5026
197 340 261 404 248
690 340 877 395 VARRONIS

194 511 216 568 ii
240 509 384 569 cantherii
407 506 554 587 appellati,
579 509 665 567 utin
690 506 783 568 subus
808 508 938 589 maiales,
968 508 1051 588 gallis
1073 507 1246 588 gallinaceis
1269 512 1343 589 capi.

149 616 236 677 16de
269 615 413 675 medicina
447 614 491 674 rel
520 614 645 693 plurima
674 622 744 674 sunt
771 616 801 673 in
830 617 915 693 equis
940 623 973 699 et
1001 617 1083 694 signa
1111 615 1287 676 morborum
1314 626 1345 677 et

196 741 303 800 genera
333 723 533 802 curationum,
563 739 637 800 quae
667 728 816 799 pastorem
845 723 954 800 scripta
984 721 1092 783 habere
1116 730 1244 801 oportet.
1292 725 1344 784 ita·

126 855 131 863 ·
196 848 253 908 que
286 828 322 888 ab
355 828 410 889 hoc
439 831 470 887 in
499 828 621 888 Graecia
649 829 836 906 potissimum
865 829 974 890 medici
1001 847 1143 909 pecorum
1172 826 1344 908 ίππίατροι

195 935 340 1015 appellati.
1371 950 1384 990 a

124 1042 188 1103 Vlll
287 1043 360 1103 Cum
388 1041 461 1101 haec
490 1040 694 1121 loqueremur,
722 1043 803 1102 venit
830 1060 845 1101 a
874 1040 989 1103 Menate
1016 1042 1155 1123 libertus,
1184 1044 1237 1122 qui
1265 1043 1346 1104 dicat

196 1148 253 1209 liba
282 1148 414 1209 absoluta
443 1166 508 1208 csse
537 1155 566 1208 et
595 1166 658 1207 rem
682 1150 809 1209 divinam
832 1157 979 1230 paratam3
1007 1151 1033 1209 si
1057 1149 1179 1229 vellen,
1208 1153 1346 1234 venirent

195 1256 265 1347 illuc
289 1264 325 1342 et
341 1258 400 1349 ipsi
423 1274 477 1346 pro
502 1274 533 1347 se
557 1256 804 1343 sacrificarentur.
852 1254 913 1333 Ego
937 1240 1174 1337 vero,inqrram,
1199 1275 1253 1317 ros
1277 1265 1345 1318 ante

196 1367 240 1424 ire
273 1382 332 1423 non
365 1365 473 1442 patiar,
506 1370 662 1441 antequam
695 1363 768 1423 mihi
801 1363 991 1424 reddideritis
1023 1365 1146 1423 tertium
1178 1373 1280 1425 actum
1308 1364 1345 1425 de

195 1470 299 1551 mulis,
328 1471 363 1530 de
388 1468 525 1549 canibus,
554 1470 590 1528 de
614 1469 792 1548 pastoribus.
838 1470 941 1531 Brevis
965 1472 1058 1530 oratio
1082 1470 1119 1530 de
1142 1472 1222 1552 istis,
1247 1473 1346 1550 inquit
1359 1486 1384 1525 1⁰

196 1577 335 1638 Murrius.
387 1595 455 1637 nam
483 1576 555 1636 rnuli
583 1585 614 1636 et
641 1578 712 1636 item
740 1580 828 1637 hinni
850 1576 984 1655 bigeneri
1007 1585 1096 1657 atque
1119 1580 1257 1652 insiticii,
1286 1596 1347 1639 non

196 1692 302 1762 suopte
330 1702 438 1761 genere
467 1683 502 1743 ab
531 1683 689 1744 radicibus.
735 1702 770 1744 ex
799 1702 874 1763 equa
902 1685 982 1744 enim
1010 1691 1039 1744 ct
1067 1686 1150 1745 asino
1179 1686 1213 1745 fit
1237 1686 1346 1765 mulus,

171 1796 301 1852 2contra
331 1810 365 1850 ex
395 1808 471 1870 equo
501 1797 530 1850 et
558 1792 638 1851 asina
667 1791 785 1851 lrinnus.
832 1799 958 1870 uterque
987 1809 1089 1851 eorum
1114 1791 1150 1852 ad
1175 1811 1266 1853 usum
1289 1795 1345 1853 uti·

196 1899 240 1979 lis,
265 1907 352 1977 partu
376 1898 547 1984 fructuosus
571 1905 686 1958 neuter.
732 1898 845 1976 pullum
869 1900 1017 1960 asininum
1041 1917 1056 1958 a
1080 1906 1167 1976 partu
1191 1906 1346 1960 recentem

196 2005 349 2066 subiciunt
372 2024 476 2085 equae,
501 2007 586 2065 errius
610 2004 685 2065 lacte
710 2005 868 2084 ampliores
891 2006 975 2085 fiunt,
999 2006 1077 2084 quod
1101 2006 1131 2066 id
1155 2006 1345 2085 lacte-quam
1360 2019 1389 2061 1s

196 2115 343 2172 asininum
368 2113 404 2172 ad
429 2112 565 2172 alimonia
585 2112 689 2173 dicunt
708 2130 773 2172 esse
794 2112 907 2175 melius.
954 2122 1108 2191 praeterea
1128 2113 1259 2173 educant
1277 2132 1344 2174 eum

195 2220 296 2299 paleiS,
321 2220 415 2299 faeno,
439 2218 559 2280 hordeo.
606 2221 692 2279 matri
717 2220 926 2305 suppositiciae
946 2237 1065 2298 quoque
1084 2222 1263 2300 inserviunt,
1287 2239 1344 2300 quo

196 2344 272 2404 equa
297 2326 331 2385 ad
358 2328 557 2385 ministerium
581 2326 665 2386 lactis
689 2325 787 2386 cibum
812 2326 892 2405 pullo
916 2325 1059 2404 praebere
1083 2329 1186 2406 possit.
1229 2327 1282 2410 ¹hic
1305 2330 1344 2388 ita

197 2433 339 2491 educatus
363 2451 378 2491 a
403 2434 491 2492 trimo
515 2441 614 2510 potest
637 2433 760 2493 admitti.
806 2451 902 2512 neque
926 2435 1005 2492 enim
1026 2440 1202 2512 aspernatur
1221 2443 1344 2512 propter

171 2538 448 2600 3consuetudinem
480 2542 627 2617 equinam.
676 2540 756 2599 hunc
789 2542 934 2599 minorem
967 2542 991 2598 si
1020 2539 1189 2621 admiseris,
1223 2548 1253 2601 et
1280 2543 1368 2620 ipset

196 2646 285 2704 citius
315 2647 456 2726 senescit,
485 2654 515 2706 et
538 2664 613 2724 quae
637 2665 673 2706 ex
697 2665 732 2706 eo
756 2648 967 2725 concipiuntur
990 2647 1065 2706 liunt
1088 2646 1246 2708 deteriora.
1293 2649 1341 2727 qui

268 2877 282 2924 1
307 2870 444 2925 cantherii
467 2870 557 2925 PAR
581 2870 699 2925 canterii
722 2889 738 2925 o
811 2869 946 2940 appellati
965 2870 992 2923 B
1016 2868 1173 2939 appellanti
1191 2871 1234 2938 A,
1257 2873 1303 2926 sed
1323 2889 1340 2926 n
1362 2898 1389 2930 s

195 2962 323 3028 deletura,
342 2966 374 3014 nt
392 2961 499 3015 videtur
518 2959 567 3028 A²,
587 2960 767 3029 appellantur
790 2961 816 3014 V
886 2959 985 3028 campi,
1004 2961 1050 3014 sed
1068 2977 1095 3012 m
1114 2960 1231 3014 deletum
1249 2960 1278 3015 A

195 3057 210 3103 3
234 3050 377 3118 pastorum
396 3050 552 3103 dividetur
570 3049 598 3104 A
616 3065 684 3103 corr.
706 3079 737 3086 —
757 3064 816 3101 rem
830 3047 871 3102 A²
938 3054 955 3102 4
975 3043 1181 3102 ΙΙΤΙΤΙΔΤΡΟΙ
1203 3048 1228 3101 c'
1248 3045 1389 3103 luuh·—

194 3158 255 3206 τροι
280 3140 307 3190 P
329 3139 421 3193 utinat
436 3140 440 3206 1
458 3138 513 3192 ΡΟΙ
538 3137 567 3193 A
590 3140 692 3192 lacuna
713 3137 809 3191 relicta
832 3143 856 3192 er
878 3139 910 3191 in
932 3138 1056 3206 marpioe
1073 3138 1246 3207 adscraptum
1264 3155 1389 3208 grao—

196 3244 259 3280 cum
278 3228 307 3281 B
324 3245 536 3295 nrnrorarporo

250 3323 265 3370 6
281 3316 348 3370 Cum
363 3318 433 3369 haec
443 3316 633 3385 loqueremur]
644 3313 778 3369 Demulis
788 3315 1112 3385 irrrnarpinernbricaA
1167 3316 1389 3371 dicatPAE

195 3405 264 3459 dicit
282 3422 297 3458 o
353 3411 368 3459 8
389 3403 609 3459 sacrificarentur
624 3404 717 3457 PAB
735 3403 924 3474 sacrificarent
941 3421 965 3459 o.
999 3403 1048 3458 ‘Et
1069 3404 1124 3474 ipsi
1145 3421 1195 3473 pro
1216 3422 1245 3460 se
1259 3404 1389 3461 seori-

195 3494 351 3548 ficarentur.
372 3495 422 3547 Ito
436 3495 578 3547 emendant
592 3511 605 3546 e
619 3492 732 3546 uetustis
746 3493 835 3546 libris’
858 3493 996 3547 Victorius
1047 3499 1079 3547 10
1095 3494 1129 3546 de
1143 3494 1283 3563 carnibus,
1297 3510 1389 3550 ac=

195 3585 336 3637 rdeletnm
354 3583 381 3635 A
444 3581 536 3648 inquil
559 3582 613 3634 VB
633 3580 730 3650 inquid
749 3581 775 3634 A
840 3587 872 3633 11
892 3580 1011 3635 Murrius
1026 3581 1115 3636 PAB
1129 3581 1237 3636 Murius
1255 3600 1272 3637 v

194 3670 279 3723 mulii
302 3673 331 3723 et
354 3669 423 3723 item
442 3669 568 3739 bigeneri
587 3670 678 3724 PAB
700 3668 782 3723 multi
801 3669 917 3724 etitem
935 3670 1074 3740 bigeneris
1091 3688 1108 3725 o
1126 3669 1198 3724 muli
1216 3672 1246 3725 el
1263 3671 1389 3725 him-

194 3756 323 3826 bigencri
342 3759 489 3812 lucrandos
561 3760 644 3826 atque
670 3758 724 3811 VB
747 3759 837 3827 adque
852 3760 879 3812 A
953 3765 985 3812 12
1009 3761 1108 3829 suopte
1132 3776 1269 3830 genereo
1291 3779 1337 3815 su

196 3863 249 3915 ope
268 3863 370 3915 genero
384 3847 474 3901 PAB
521 3855 552 3901 13
573 3849 669 3901 contra
687 3850 777 3914 etex,
795 3848 1012 3902 sedctdeletnm
1026 3849 1054 3902 B
1099 3846 1389 3920 hinnus]hinni1-

196 3936 252 3988 Pm
270 3935 405 3990 himus'A
425 3936 658 4003 restaurasset
677 3937 708 3990 ut
727 3937 841 3990 deletum
858 3936 885 3988 B
904 3933 1017 3987 hinulus
1036 3951 1052 3988 a
1107 3935 1143 3988 ad
1162 3938 1243 3992 utilis
1261 3951 1389 3992 usu:

194 4024 287 4093 utilis,
306 4028 353 4080 aed
371 4025 448 4080 utilis
463 4027 558 4095 priore
576 4027 632 4080 loco
651 4026 765 4080 deletum
783 4027 810 4079 A
867 4026 917 4078 ’14
935 4025 1019 4093 partu
1037 4022 1145 4078 fructus
1163 4028 1264 4081 neuter
1281 4020 1389 4080 ej

194 4118 277 4183 partu
299 4114 406 4170 fflictus
429 4135 454 4169 u.
479 4117 589 4182 neuter,
615 4115 661 4168 sed
683 4132 702 4166 u
720 4119 785 4181 post
807 4114 914 4168 fructus
936 4114 1051 4168 deletum
1073 4115 1101 4168 A
1124 4118 1208 4185 partu
1231 4116 1389 4170 uncta·

147 4230 150 4237 ·
194 4205 273 4257 uenit
295 4208 393 4258 uenter
416 4222 442 4257 m
465 4207 561 4274 partus
579 4203 686 4256 fructus
705 4204 836 4256 uentero
909 4201 1048 4256 asininum
1067 4208 1181 4271 utroque
1200 4205 1256 4259 loco
1278 4194 1389 4255 VI]

194 4292 303 4345 asinum
322 4297 434 4360 utroque
448 4296 507 4348 Ana
580 4300 612 4347 16
632 4292 669 4346 ad
688 4291 833 4363 alimonia]
853 4293 884 4346 ab
901 4291 958 4345 alia
976 4290 1070 4345 omnia
1085 4291 1175 4345 PAB
1195 4310 1228 4348 ac
1245 4282 1389 4347 ommi

195 4380 282 4433 alico
356 4385 387 4433 l‘l
407 4381 488 4433 foeno
507 4382 591 4434 ordeo
610 4381 637 4434 V
705 4381 903 4450 suppositioiae
924 4379 1157 4449 Vsubpositiciee
1172 4382 1233 4435 AB
1367 4379 1389 4427 1

195 4466 342 4539 educatus]
362 4468 477 4522 eductus
500 4469 587 4525 VAB
659 4486 677 4525 e
695 4469 776 4526 trimo
801 4471 918 4527 Ursinus
936 4486 954 4526 a
971 4468 1062 4541 primo
1086 4468 1175 4523 VAB
